% Reference page
@article{washko2011lung,
  title={Lung volumes and emphysema in smokers with interstitial lung abnormalities},
  author={Washko, George R and Hunninghake, Gary M and Fernandez, Isis E and Nishino, Mizuki and Okajima, Yuka and Yamashiro, Tsuneo and Ross, James C and Est{\'e}par, Ra{\'u}l San Jos{\'e} and Lynch, David A and Brehm, John M and others},
  journal={New England Journal of Medicine},
  volume={364},
  number={10},
  pages={897--906},
  year={2011},
  publisher={Mass Medical Soc}
}

@article{doherty1997cryptogenic,
  title={Cryptogenic fibrosing alveolitis with preserved lung volumes.},
  author={Doherty, MJ and Pearson, MG and O'grady, EA and Pellegrini, V and Calverley, PM},
  journal={Thorax},
  volume={52},
  number={11},
  pages={998--1002},
  year={1997},
  publisher={BMJ Publishing Group Ltd}
}

@article{hiwatari1993pulmonary,
  title={Pulmonary emphysema followed by pulmonary fibrosis of undetermined cause},
  author={Hiwatari, Nanako and Shimura, Sanae and Takishima, Tamotsu},
  journal={Respiration},
  volume={60},
  number={6},
  pages={354--358},
  year={1993},
  publisher={Karger Publishers}
}

@article{wiggins1990combined,
  title={Combined cryptogenic fibrosing alveolitis andemphysema: the value of high resolution computed tomography in assessment},
  author={Wiggins, J and Strickland, B and Turner-Warwick, M},
  journal={Respiratory medicine},
  volume={84},
  number={5},
  pages={365--369},
  year={1990},
  publisher={Elsevier}
}

@inproceedings{ryu2014idiopathic,
  title={Idiopathic pulmonary fibrosis: evolving concepts},
  author={Ryu, Jay H and Moua, Teng and Daniels, Craig E and Hartman, Thomas E and Eunhee, S Yi and Utz, James P and Limper, Andrew H},
  booktitle={Mayo Clinic proceedings},
  volume={89},
  number={8},
  pages={1130--1142},
  year={2014},
  organization={Elsevier}
}

@article{troy2012management,
  title={Management of the idiopathic interstitial pneumonias},
  author={Troy, Lauren and Corte, Tamera Jo},
  journal={Australian Prescriber},
  volume={35},
  number={6},
  pages={202--6},
  year={2012},
  publisher={NPS MedicineWise}
}

@article{corte2015idiopathic,
  title={Idiopathic interstitial pneumonias in 2015: A new era},
  author={Corte, Tamera J and Collard, Harold and Wells, Athol U},
  journal={Respirology},
  volume={20},
  number={5},
  pages={697--698},
  year={2015},
  publisher={Wiley Online Library}
}

@article{taskar2006idiopathic,
  title={Is idiopathic pulmonary fibrosis an environmental disease?},
  author={Taskar, Varsha S and Coultas, David B},
  journal={Proceedings of the American Thoracic Society},
  volume={3},
  number={4},
  pages={293--298},
  year={2006},
  publisher={Am Thoracic Soc}
}

@article{baumgartner1997cigarette,
  title={Cigarette smoking: a risk factor for idiopathic pulmonary fibrosis.},
  author={Baumgartner, Kathy B and Samet, Jonathan M and Stidley, Christine A and Colby, Thomas V and Waldron, James A},
  journal={American journal of respiratory and critical care medicine},
  volume={155},
  number={1},
  pages={242--248},
  year={1997},
  publisher={Am Thoracic Soc}
}

@article{ley2011clinical,
  title={Clinical course and prediction of survival in idiopathic pulmonary fibrosis},
  author={Ley, Brett and Collard, Harold R and King Jr, Talmadge E},
  journal={American journal of respiratory and critical care medicine},
  volume={183},
  number={4},
  pages={431--440},
  year={2011},
  publisher={Am Thoracic Soc}
}

@article{raghu2006incidence,
  title={Incidence and prevalence of idiopathic pulmonary fibrosis},
  author={Raghu, Ganesh and Weycker, Derek and Edelsberg, John and Bradford, Williamson Z and Oster, Gerry},
  journal={American journal of respiratory and critical care medicine},
  volume={174},
  number={7},
  pages={810--816},
  year={2006},
  publisher={Am Thoracic Soc}
}

@article{richeldi2017idiopathic,
  title={Idiopathic pulmonary fibrosis},
  author={Richeldi, Luca and Collard, Harold R and Jones, Mark G},
  journal={The Lancet},
  volume={389},
  number={10082},
  pages={1941--1952},
  year={2017},
  publisher={Elsevier}
}

@article{kim2015natural,
  title={Natural history of idiopathic pulmonary fibrosis},
  author={Kim, Hyun Joo and Perlman, David and Tomic, Rade},
  journal={Respiratory medicine},
  volume={109},
  number={6},
  pages={661--670},
  year={2015},
  publisher={Elsevier}
}

@article{raghu2011official,
  title={An official ATS/ERS/JRS/ALAT statement: idiopathic pulmonary fibrosis: evidence-based guidelines for diagnosis and management},
  author={Raghu, Ganesh and Collard, Harold R and Egan, Jim J and Martinez, Fernando J and Behr, Juergen and Brown, Kevin K and Colby, Thomas V and Cordier, Jean-Fran{\c{c}}ois and Flaherty, Kevin R and Lasky, Joseph A and others},
  journal={American journal of respiratory and critical care medicine},
  volume={183},
  number={6},
  pages={788--824},
  year={2011},
  publisher={Am Thoracic Soc}
}

@article{martinez2017idiopathic,
  title={Idiopathic pulmonary fibrosis},
  author={Martinez, Fernando J and Collard, Harold R and Pardo, Annie and Raghu, Ganesh and Richeldi, Luca and Selman, Moises and Swigris, Jeffrey J and Taniguchi, Hiroyuki and Wells, Athol U},
  journal={Nature Reviews Disease Primers},
  volume={3},
  pages={17074},
  year={2017},
  publisher={Nature Publishing Group}
}

@article{kim2010usual,
  title={Usual interstitial pneumonia in rheumatoid arthritis-associated interstitial lung disease},
  author={Kim, Eunice J and Elicker, Brett M and Maldonado, Fabien and Webb, W Richard and Ryu, Jay H and Van Uden, John H and Lee, Joyce S and King, TE and Collard, Harold R},
  journal={European Respiratory Journal},
  volume={35},
  number={6},
  pages={1322--1328},
  year={2010},
  publisher={Eur Respiratory Soc}
}

@article{fischer2012interstitial,
  title={Interstitial lung disease in connective tissue disorders},
  author={Fischer, Aryeh and du Bois, Roland},
  journal={The Lancet},
  volume={380},
  number={9842},
  pages={689--698},
  year={2012},
  publisher={Elsevier}
}

@article{taskar2006idiopathic,
  title={Is idiopathic pulmonary fibrosis an environmental disease?},
  author={Taskar, Varsha S and Coultas, David B},
  journal={Proceedings of the American Thoracic Society},
  volume={3},
  number={4},
  pages={293--298},
  year={2006},
  publisher={Am Thoracic Soc}
}

@article{seibold2011common,
  title={A common MUC5B promoter polymorphism and pulmonary fibrosis},
  author={Seibold, Max A and Wise, Anastasia L and Speer, Marcy C and Steele, Mark P and Brown, Kevin K and Loyd, James E and Fingerlin, Tasha E and Zhang, Weiming and Gudmundsson, Gunnar and Groshong, Steve D and others},
  journal={New England Journal of Medicine},
  volume={364},
  number={16},
  pages={1503--1512},
  year={2011},
  publisher={Mass Medical Soc}
}

@article{alder2008short,
  title={Short telomeres are a risk factor for idiopathic pulmonary fibrosis},
  author={Alder, Jonathan K and Chen, Julian J-L and Lancaster, Lisa and Danoff, Sonye and Su, Shu-chih and Cogan, Joy D and Vulto, Irma and Xie, Mingyi and Qi, Xiaodong and Tuder, Rubin M and others},
  journal={Proceedings of the National Academy of Sciences},
  volume={105},
  number={35},
  pages={13051--13056},
  year={2008},
  publisher={National Acad Sciences}
}

@article{xaubet2017idiopathic,
  title={Idiopathic pulmonary fibrosis},
  author={Xaubet, Antoni and Ancochea, Julio and Molina-Molina, Mar{\'\i}a},
  journal={Medicina Cl{\'\i}nica (English Edition)},
  volume={148},
  number={4},
  pages={170--175},
  year={2017},
  publisher={Elsevier}
}

@article{silva2008idiopathic,
  title={Idiopathic pulmonary fibrosis and emphysema in smokers},
  author={Silva, Denise Rossato and Gazzana, Marcelo Basso and Barreto, S{\'e}rgio Saldanha Menna and Knorst, Marli Maria},
  journal={Jornal Brasileiro de Pneumologia},
  volume={34},
  number={10},
  pages={779--786},
  year={2008},
  publisher={SciELO Brasil}
}

@article{mejia2009idiopathic,
  title={Idiopathic pulmonary fibrosis and emphysema: decreased survival associated with severe pulmonary arterial hypertension},
  author={Mej{\'\i}a, Mayra and Carrillo, Guillermo and Rojas-Serrano, Jorge and Estrada, Andrea and Su{\'a}rez, Teresa and Alonso, Delfino and Barrientos, Emilio and Gaxiola, Miguel and Navarro, Carmen and Selman, Mois{\'e}s},
  journal={Chest},
  volume={136},
  number={1},
  pages={10--15},
  year={2009},
  publisher={Elsevier}
}

@article{cottin2010pulmonary,
  title={Pulmonary hypertension in patients with combined pulmonary fibrosis and emphysema syndrome},
  author={Cottin, Vincent and Le Pavec, J{\'e}rome and Pr{\'e}vot, Gr{\'e}goire and Mal, Herv{\'e} and Humbert, Marc and Simonneau, G{\'e}rald and Cordier, Jean-Fran{\c{c}}ois and others},
  journal={European Respiratory Journal},
  volume={35},
  number={1},
  pages={105--111},
  year={2010},
  publisher={Eur Respiratory Soc}
}

@article{wootton2011viral,
  title={Viral infection in acute exacerbation of idiopathic pulmonary fibrosis},
  author={Wootton, Sharon Chao and Kim, Dong Soon and Kondoh, Yasuhiro and Chen, Eunice and Lee, Joyce S and Song, Jin Woo and Huh, Jin Won and Taniguchi, Hiroyuki and Chiu, Charles and Boushey, Homer and others},
  journal={American journal of respiratory and critical care medicine},
  volume={183},
  number={12},
  pages={1698--1702},
  year={2011},
  publisher={Am Thoracic Soc}
}

@article{silva2007acute,
  title={Acute exacerbation of chronic interstitial pneumonia: high-resolution computed tomography and pathologic findings},
  author={Silva, C Isabela S and M{\"u}ller, Nestor L and Fujimoto, Kiminori and Kato, Seiya and Ichikado, Kazuya and Taniguchi, Hiroyuki and Kondoh, Yasuhiro and Johkoh, Takeshi and Churg, Andrew},
  journal={Journal of thoracic imaging},
  volume={22},
  number={3},
  pages={221--229},
  year={2007},
  publisher={LWW}
}

@article{tomioka2007acute,
  title={Acute exacerbation of idiopathic pulmonary fibrosis: role of Chlamydophila pneumoniae infection},
  author={Tomioka, Hiromi and Sakurai, Toshiyasu and Hashimoto, Kimio and Iwasaki, Hironobu},
  journal={Respirology},
  volume={12},
  number={5},
  pages={700--706},
  year={2007},
  publisher={Wiley Online Library}
}

@article{collard2007acute,
  title={Acute exacerbations of idiopathic pulmonary fibrosis},
  author={Collard, Harold R and Moore, Bethany B and Flaherty, Kevin R and Brown, Kevin K and Kaner, Robert J and King Jr, Talmadge E and Lasky, Joseph A and Loyd, James E and Noth, Imre and Olman, Mitchell A and others},
  journal={American journal of respiratory and critical care medicine},
  volume={176},
  number={7},
  pages={636--643},
  year={2007},
  publisher={Am Thoracic Soc}
}

@article{ley2011clinical,
  title={Clinical course and prediction of survival in idiopathic pulmonary fibrosis},
  author={Ley, Brett and Collard, Harold R and King Jr, Talmadge E},
  journal={American journal of respiratory and critical care medicine},
  volume={183},
  number={4},
  pages={431--440},
  year={2011},
  publisher={Am Thoracic Soc}
}

@article{flaherty2004idiopathic,
  title={Idiopathic interstitial pneumonia: what is the effect of a multidisciplinary approach to diagnosis?},
  author={Flaherty, Kevin R and King Jr, Talmadge E and Raghu, Ganesh and Lynch III, Joseph P and Colby, Thomas V and Travis, William D and Gross, Barry H and Kazerooni, Ella A and Toews, Galen B and Long, Qi and others},
  journal={American journal of respiratory and critical care medicine},
  volume={170},
  number={8},
  pages={904--910},
  year={2004},
  publisher={Am Thoracic Soc}
}

@article{king2011idiopathic,
  title={Idiopathic pulmonary fibrosis},
  author={King Jr, Talmadge E and Pardo, Annie and Selman, Mois{\'e}s},
  journal={The Lancet},
  volume={378},
  number={9807},
  pages={1949--1961},
  year={2011},
  publisher={Elsevier}
}

@article{taskar2006idiopathic,
  title={Is idiopathic pulmonary fibrosis an environmental disease?},
  author={Taskar, Varsha S and Coultas, David B},
  journal={Proceedings of the American Thoracic Society},
  volume={3},
  number={4},
  pages={293--298},
  year={2006},
  publisher={Am Thoracic Soc}
}

@article{cottin2005combined,
  title={Combined pulmonary fibrosis and emphysema: a distinct underrecognised entity},
  author={Cottin, V and Nunes, H and Brillet, PY and Delaval, P and Devouassoux, G and Tillie-Leblond, I and Israel-Biet, D and Valeyre, D and Cordier, JF and others},
  journal={European Respiratory Journal},
  volume={26},
  number={4},
  pages={586--593},
  year={2005},
  publisher={Eur Respiratory Soc}
}

@article{wells2003idiopathic,
  title={Idiopathic pulmonary fibrosis: a composite physiologic index derived from disease extent observed by computed tomography},
  author={Wells, Athol U and Desai, Sujal R and Rubens, Michael B and Goh, Nicole SL and Cramer, Derek and Nicholson, Andrew G and Colby, Thomas V and Du Bois, Roland M and Hansell, David M},
  journal={American journal of respiratory and critical care medicine},
  volume={167},
  number={7},
  pages={962--969},
  year={2003},
  publisher={Am Thoracic Soc}
}

@article{wells1997lone,
  title={Lone cryptogenic fibrosing alveolitis: a functional-morphologic correlation based on extent of disease on thin-section computed tomography.},
  author={Wells, Athol U and King, Ann D and Rubens, Michael B and Cramer, Derek and Du Bois, RM and Hansell, David M},
  journal={American journal of respiratory and critical care medicine},
  volume={155},
  number={4},
  pages={1367--1375},
  year={1997},
  publisher={Am Thoracic Soc}
}

@article{gross1962concept,
  title={The concept of the Hamman-Rich syndrome: a critique},
  author={Gross, Paul},
  journal={American Review of Respiratory Disease},
  volume={85},
  number={6},
  pages={828--832},
  year={1962},
  publisher={Am Thoracic Soc}
}

@article{kondoh1993acute,
  title={Acute exacerbation in idiopathic pulmonary fibrosis: analysis of clinical and pathologic findings in three cases},
  author={Kondoh, Yasuhiro and Taniguchi, Hiroyuki and Kawabata, Yoshinori and Yokoi, Toyoharu and Suzuki, Kiyoshi and Takagi, Kenzo},
  journal={Chest},
  volume={103},
  number={6},
  pages={1808--1812},
  year={1993},
  publisher={Elsevier}
}

@article{agusti1991mechanisms,
  title={Mechanisms of gas-exchange impairment in idiopathic pulmonary fibrosis},
  author={Agust{\'\i}, Alvar GN and Roca, Josep and Gea, Joaquim and Wagner, Peter D and Xaubet, Antoni and Rodriguez-Roisin, Robert},
  journal={American Review of Respiratory Disease},
  volume={143},
  number={2},
  pages={219--225},
  year={1991},
  publisher={Am Thoracic Soc}
}

@article{raghu2006high,
  title={High prevalence of abnormal acid gastro-oesophageal reflux in idiopathic pulmonary fibrosis},
  author={Raghu, G and Freudenberger, TD and Yang, S and Curtis, JR and Spada, C and Hayes, J and Sillery, JK and Pope, CE 2nd and Pellegrini, CA},
  journal={European Respiratory Journal},
  volume={27},
  number={1},
  pages={136--142},
  year={2006},
  publisher={Eur Respiratory Soc}
}

@article{kim2006classification,
  title={Classification and natural history of the idiopathic interstitial pneumonias},
  author={Kim, Dong Soon and Collard, Harold R and King Jr, Talmadge E},
  journal={Proceedings of the American Thoracic Society},
  volume={3},
  number={4},
  pages={285--292},
  year={2006},
  publisher={Am Thoracic Soc}
}

@article{bjoraker1998prognostic,
  title={Prognostic significance of histopathologic subsets in idiopathic pulmonary fibrosis},
  author={Bjoraker, Julie A and Ryu, Jay H and Edwin, Mark K and Myers, Jeffrey L and Tazelaar, Henry D and Schroeder, Darrell R and Offord, Kenneth P},
  journal={American journal of respiratory and critical care medicine},
  volume={157},
  number={1},
  pages={199--203},
  year={1998},
  publisher={Am Thoracic Soc}
}

@article{turner1980cryptogenic,
  title={Cryptogenic fibrosing alveolitis: response to corticosteroid treatment and its effect on survival},
  author={Turner-Warwick, M and Burrows, B and Johnson, AJ},
  journal={Thorax},
  volume={35},
  number={8},
  pages={593--599},
  year={1980},
  publisher={BMJ Publishing Group Ltd}
}

@article{turner1980cryptogenic,
  title={Cryptogenic fibrosing alveolitis: clinical features and their influence on survival},
  author={Turner-Warwick, M and Burrows, B and Johnson, A\_},
  journal={Thorax},
  volume={35},
  number={3},
  pages={171--180},
  year={1980},
  publisher={BMJ Publishing Group Ltd}
}

@article{carrington1978natural,
  title={Natural history and treated course of usual and desquamative interstitial pneumonia},
  author={Carrington, Charles B and Gaensler, Edward A and Coutu, Ronald E and FitzGerald, Muiris X and Gupta, Raj G},
  journal={New England Journal of Medicine},
  volume={298},
  number={15},
  pages={801--809},
  year={1978},
  publisher={Mass Medical Soc}
}

@article{latsi2003fibrotic,
  title={Fibrotic idiopathic interstitial pneumonia: the prognostic value of longitudinal functional trends},
  author={Latsi, Panagiota I and Du Bois, Roland M and Nicholson, Andrew G and Colby, Thomas V and Bisirtzoglou, Danai and Nikolakopoulou, Ageliki and Veeraraghavan, Srihari and Hansell, David M and Wells, Athol U},
  journal={American journal of respiratory and critical care medicine},
  volume={168},
  number={5},
  pages={531--537},
  year={2003},
  publisher={Am Thoracic Soc}
}

@article{flaherty2003prognostic,
  title={Prognostic implications of physiologic and radiographic changes in idiopathic interstitial pneumonia},
  author={Flaherty, Kevin R and Mumford, Jeanette A and Murray, Susan and Kazerooni, Ella A and Gross, Barry H and Colby, Thomas V and Travis, William D and Flint, Andrew and Toews, Galen B and Lynch III, Joseph P and others},
  journal={American journal of respiratory and critical care medicine},
  volume={168},
  number={5},
  pages={543--548},
  year={2003},
  publisher={Am Thoracic Soc}
}

@article{collard2003changes,
  title={Changes in clinical and physiologic variables predict survival in idiopathic pulmonary fibrosis},
  author={Collard, Harold R and King Jr, Talmadge E and Bartelson, Becki Bucher and Vourlekis, Jason S and Schwarz, Marvin I and Brown, Kevin K},
  journal={American journal of respiratory and critical care medicine},
  volume={168},
  number={5},
  pages={538--542},
  year={2003},
  publisher={Am Thoracic Soc}
}

@article{katzenstein1998idiopathic,
  title={Idiopathic pulmonary fibrosis: clinical relevance of pathologic classification},
  author={Katzenstein, Anna-Luise A and Myers, Jeffrey L},
  journal={American journal of respiratory and critical care medicine},
  volume={157},
  number={4},
  pages={1301--1315},
  year={1998},
  publisher={Am Thoracic Soc}
}

@article{meltzer2008idiopathic,
  title={Idiopathic pulmonary fibrosis},
  author={Meltzer, Eric B and Noble, Paul W},
  journal={Orphanet journal of rare diseases},
  volume={3},
  number={1},
  pages={8},
  year={2008},
  publisher={BioMed Central}
}