% Reference page

@article{aho2014model,
  title={Model selection for ecologists: the worldviews of AIC and BIC},
  author={Aho, Ken and Derryberry, DeWayne and Peterson, Teri},
  journal={Ecology},
  volume={95},
  number={3},
  pages={631--636},
  year={2014},
  publisher={Wiley Online Library}
}

@article{horsfield1971models,
  title={Models of the human bronchial tree.},
  author={Horsfield, Keith and Dart, Gladys and Olson, Dan E and Filley, Giles F and Cumming, Gordon},
  journal={Journal of Applied Physiology},
  volume={31},
  number={2},
  pages={207--217},
  year={1971}
}

@article{chakraborty2004diffusing,
  title={Diffusing capacity reexamined: relative roles of diffusion and chemical reaction in red cell uptake of O2, CO, CO2, and NO},
  author={Chakraborty, Saikat and Balakotaiah, Vemuri and Bidani, Akhil},
  journal={Journal of Applied Physiology},
  volume={97},
  number={6},
  pages={2284--2302},
  year={2004},
  publisher={American Physiological Society}
}

@article{monod1965nature,
  title={On the nature of allosteric transitions: a plausible model},
  author={Monod, Jacques and Wyman, Jeffries and Changeux, Jean-Pierre},
  journal={Biol},
  volume={12},
  pages={228--113},
  year={1965}
}

@article{clark2014lack,
  title={Lack of functional information explains the poor performance of ‘clot load scores’ at predicting outcome in acute pulmonary embolism},
  author={Clark, AR and Milne, D and Wilsher, M and Burrowes, KS and Bajaj, M and Tawhai, MH},
  journal={Respiratory Physiology \& Neurobiology},
  volume={190},
  pages={1--13},
  year={2014},
  publisher={Elsevier}
}

@phdthesis{Osanlouy2018Statistical,
  title={Statistical Shape Analysis to Quantify Lung Structure-Function Relationships over the Adult Lifespan},
  author={Osanlouy, Mahyar}, 
  year={2018},
  school={University of Auckland}
}

@misc{hoesein2017air,
  title={Air trapping on computed tomography: regional versus diffuse},
  author={Hoesein, Firdaus A Mohamed and De Jong, Pim A},
  year={2017},
  publisher={Eur Respiratory Soc}
}

@article{slebos2015air,
  title={Air Trapping in Emphysema},
  author={Slebos, Dirk-Jan and van Rikxoort, Eva M and van der Bij, Wim},
  journal={American Journal of Respiratory and Critical Care Medicine},
  volume={192},
  number={5},
  pages={e45--e45},
  year={2015},
  publisher={American Thoracic Society}
}

@article{kwan2004standard,
  title={The standard oxygen consumption value equivalent to one metabolic equivalent (3.5 ml/min/kg) is not appropriate for elderly people},
  author={Kwan, M and Woo, J and Kwok, T},
  journal={International Journal of Food Sciences and Nutrition},
  volume={55},
  number={3},
  pages={179--182},
  year={2004},
  publisher={Taylor \& Francis}
}

@article{coelho2013estimation,
  title={Estimation of metabolic equivalent (MET) of an exercise protocol based on indirect calorimetry},
  author={Coelho-Ravagnani, Christianne de Faria and Melo, Fl{\'a}via Carolina Lemos and Ravagnani, Fabricio CP and Burini, Franz Homero Paganini and Burini, Roberto C},
  journal={Revista Brasileira de Medicina do Esporte},
  volume={19},
  number={2},
  pages={134--138},
  year={2013},
  publisher={SciELO Brasil}
}

@article{miyamura1973maximum,
  title={Maximum cardiac output related to sex and age},
  author={Miyamura, Miharu and Honda, Yoshiyuki},
  journal={The Japanese Journal of Physiology},
  volume={23},
  number={6},
  pages={645--656},
  year={1973},
  publisher={PHYSIOLOGICAL SOCIETY OF JAPAN}
}

@article{stelfox2006hemodynamic,
  title={Hemodynamic monitoring in obese patients: the impact of body mass index on cardiac output and stroke volume},
  author={Stelfox, Henry T and Ahmed, Sofia B and Ribeiro, Rodrigo A and Gettings, Elise M and Pomerantsev, Eugene and Schmidt, Ulrich},
  journal={Critical Care Medicine},
  volume={34},
  number={4},
  pages={1243--1246},
  year={2006},
  publisher={LWW}
}

@article{brandfonbrener1955changes,
  title={Changes in cardiac output with age},
  author={Brandfonbrener, Martin and Landowne, Milton and Shock, Nathan W},
  journal={Circulation},
  volume={12},
  number={4},
  pages={557--566},
  year={1955},
  publisher={Am Heart Assoc}
}

@article{pelosi1998effects,
  title={The effects of body mass on lung volumes, respiratory mechanics, and gas exchange during general anesthesia},
  author={Pelosi, Paolo and Croci, Massimo and Ravagnan, Irene and Tredici, Stefano and Pedoto, Alessia and Lissoni, Alfredo and Gattinoni, Luciano},
  journal={Anesthesia \& Analgesia},
  volume={87},
  number={3},
  pages={654--660},
  year={1998},
  publisher={LWW}
}

@article{gilbert1972changes,
  title={Changes in tidal volume, frequency, and ventilation induced by their measurement.},
  author={Gilbert, Robert and Auchincloss Jr, JH and Brodsky, J and Boden, W al},
  journal={Journal of Applied Physiology},
  volume={33},
  number={2},
  pages={252--254},
  year={1972}
}

@article{de1980inspiratory,
  title={Inspiratory muscle force in normal subjects and patients with interstitial lung disease.},
  author={De Troyer, Andr{\'e} and Yernault, Jean-Claude},
  journal={Thorax},
  volume={35},
  number={2},
  pages={92--100},
  year={1980},
  publisher={BMJ Publishing Group Ltd}
}

@article{krumpe1985aging,
  title={The aging respiratory system},
  author={Krumpe, Peter E and Knudson, Ronald J and Parsons, Gibbe and Reiser, Karen},
  journal={Clinics in Geriatric Medicine},
  volume={1},
  number={1},
  pages={143--175},
  year={1985},
  publisher={Elsevier}
}

@article{hill1973mathematical,
  title={A mathematical model of carbon dioxide transfer in the placenta and its interaction with oxygen},
  author={Hill, ESTHER P and Power, GORDON G and Longo, LD},
  journal={American Journal of Physiology-Legacy Content},
  volume={224},
  number={2},
  pages={283--299},
  year={1973},
  publisher={American Physiological Society}
}

@book{keener1998mathematical,
  title={Mathematical physiology},
  author={Keener, James P and Sneyd, James},
  volume={1},
  year={1998},
  publisher={Springer}
}

@article{weibel1997design,
  title={Design and morphometry of the pulmonary gas exchanger},
  author={Weibel, ER},
  journal={The lung: Scientific Foundations},
  volume={1},
  pages={1147--57},
  year={1997},
  publisher={Lippincott-Raven Publishers Philadelphia}
}

@article{weibel1993morphometric,
  title={Morphometric model for pulmonary diffusing capacity I. Membrane diffusing capacity},
  author={Weibel, Ewald R and Federspiel, William J and Fryder-Doffey, Fabienne and Hsia, Connie CW and K{\"o}nig, Martin and Stalder-Navarro, Vilma and Vock, Ruth},
  journal={Respiration Physiology},
  volume={93},
  number={2},
  pages={125--149},
  year={1993},
  publisher={Elsevier}
}

@article{weibel2005design,
  title={Design of peripheral airways for efficient gas exchange},
  author={Weibel, Ewald R and Sapoval, Bernard and Filoche, Marcel},
  journal={Respiratory Physiology \& Neurobiology},
  volume={148},
  number={1-2},
  pages={3--21},
  year={2005},
  publisher={Elsevier}
}

@book{hall2015guyton,
  title={Guyton and Hall textbook of medical physiology e-Book},
  author={Hall, John E},
  year={2015},
  publisher={Elsevier Health Sciences}
}

@book{fung2013biomechanics,
  title={Biomechanics: circulation},
  author={Fung, Yuan-cheng},
  year={2013},
  publisher={Springer Science \& Business Media}
}

@article{pries1996biophysical,
  title={Biophysical aspects of blood flow in the microvasculature},
  author={Pries, AR and Secomb, TW and Gaehtgens, P},
  journal={Cardiovascular Research},
  volume={32},
  number={4},
  pages={654--667},
  year={1996},
  publisher={Elsevier Science}
}

@article{krenz2003flow,
  title={Flow and pressure distributions in vascular networks consisting of distensible vessels},
  author={Krenz, Gary S and Dawson, Christopher A},
  journal={American Journal of Physiology-Heart and Circulatory Physiology},
  volume={284},
  number={6},
  pages={H2192--H2203},
  year={2003},
  publisher={American Physiological Society Bethesda, MD}
}

@phdthesis{swan2010multi,
  title={A multi-scale computational model of pulmonary gas exchange},
  author={Swan, Annalisa},
  year={2010},
  school={University of Auckland}
}

@article{kapitan1986computer,
  title={Computer simulation of mammalian gas-exchange},
  author={Kapitan, Kent S and Hempleman, Steven C},
  journal={Computers in Biology and Medicine},
  volume={16},
  number={2},
  pages={91--101},
  year={1986},
  publisher={Elsevier}
}

@article{glazier1969measurements,
  title={Measurements of capillary dimensions and blood volume in rapidly frozen lungs.},
  author={Glazier, JB and Hughes, JM and Maloney, JE and West, JB},
  journal={Journal of Applied Physiology},
  volume={26},
  number={1},
  pages={65--76},
  year={1969}
}

@article{swan2010evidence,
  title={Evidence for minimal oxygen heterogeneity in the healthy human pulmonary acinus},
  author={Swan, Annalisa J and Tawhai, Merryn H},
  journal={Journal of Applied Physiology},
  volume={110},
  number={2},
  pages={528--537},
  year={2010},
  publisher={American Physiological Society Bethesda, MD}
}

@article{huang1996morphometry,
  title={Morphometry of the human pulmonary vasculature},
  author={Huang, Wei and Yen, RT and McLaurine, M and Bledsoe, G},
  journal={Journal of Applied Physiology},
  volume={81},
  number={5},
  pages={2123--2133},
  year={1996},
  publisher={American Physiological Society Bethesda, MD}
}

@article{horsfield1978morphometry,
  title={Morphometry of the small pulmonary arteries in man.},
  author={Horsfield, Keith},
  journal={Circulation Research},
  volume={42},
  number={5},
  pages={593--597},
  year={1978},
  publisher={Am Heart Assoc}
}

@article{horsfield1981morphometry,
  title={Morphometry of pulmonary veins in man},
  author={Horsfield, K and Gordon, WI},
  journal={Lung},
  volume={159},
  number={1},
  pages={211--218},
  year={1981},
  publisher={Springer}
}

@article{hsia2016lung,
  title={Lung structure and the intrinsic challenges of gas exchange},
  author={Hsia, Connie CW and Hyde, Dallas M and Weibel, Ewald R},
  journal={Comprehensive Physiology},
  volume={6},
  number={2},
  pages={827},
  year={2016},
  publisher={NIH Public Access}
}

@article{breatnach1984dimensions,
  title={Dimensions of the normal human trachea},
  author={Breatnach, Eamann and Abbott, Gypsy C and Fraser, Robert G},
  journal={American Journal of Roentgenology},
  volume={142},
  number={5},
  pages={903--906},
  year={1984},
  publisher={Am Roentgen Ray Soc}
}

@article{kang2017gravity,
  title={Gravity outweighs the contribution of structure to passive ventilation-perfusion matching in the supine adult human lung},
  author={Kang, Wendy and Clark, Alys R and Tawhai, Merryn H},
  journal={Journal of Applied Physiology},
  volume={124},
  number={1},
  pages={23--33},
  year={2017},
  publisher={American Physiological Society Bethesda, MD}
}

@article{fung1969theory,
  title={Theory of sheet flow in lung alveoli.},
  author={Fung, YC and Sobin, SS},
  journal={Journal of Applied Physiology},
  volume={26},
  number={4},
  pages={472--488},
  year={1969}
}

@article{clark2010contribution,
  title={Contribution of serial and parallel microperfusion to spatial variability in pulmonary inter-and intra-acinar blood flow},
  author={Clark, Alys R and Burrowes, Kelly S and Tawhai, Merryn H},
  journal={Journal of Applied Physiology},
  volume={108},
  number={5},
  pages={1116--1126},
  year={2010},
  publisher={American Physiological Society Bethesda, MD}
}

@article{haefeli1988morphometry,
  title={Morphometry of the human pulmonary acinus},
  author={Haefeli-Bleuer, Beatrice and Weibel, Ewald R},
  journal={The Anatomical Record},
  volume={220},
  number={4},
  pages={401--414},
  year={1988},
  publisher={Wiley Online Library}
}

@inproceedings{burrowes2006evaluation,
  title={Evaluation of the effect of postural and gravitational variations on the distribution of pulmonary blood flow via an image-based computational model},
  author={Burrowes, KS and Hunter, PJ and Tawhai, MH},
  booktitle={Engineering in Medicine and Biology Society, 2005. IEEE-EMBS 2005. 27th Annual International Conference of the},
  pages={6138--6140},
  year={2006},
  organization={IEEE}
}

@article{burrowes2009species,
  title={Species-specific pulmonary arterial asymmetry determines species differences in regional pulmonary perfusion},
  author={Burrowes, KS and Hoffman, EA and Tawhai, MH},
  journal={Annals of Biomedical Engineering},
  volume={37},
  number={12},
  pages={2497},
  year={2009},
  publisher={Springer}
}

@article{bshouty1990distensibility,
  title={Distensibility and pressure-flow relationship of the pulmonary circulation. II. Multibranched model},
  author={Bshouty, Z and Younes, M},
  journal={Journal of Applied Physiology},
  volume={68},
  number={4},
  pages={1514--1527},
  year={1990}
}

@book{weibel1984pathway,
  title={The pathway for oxygen: structure and function in the mammalian respiratory system},
  author={Weibel, Ewald R},
  year={1984},
  publisher={Harvard University Press}
}

@article{burrowes2005anatomically,
  title={Anatomically based finite element models of the human pulmonary arterial and venous trees including supernumerary vessels},
  author={Burrowes, Kelly S and Hunter, Peter J and Tawhai, Merryn H},
  journal={Journal of Applied Physiology},
  volume={99},
  number={2},
  pages={731--738},
  year={2005},
  publisher={American Physiological Society}
}

@article{hart1963relation,
  title={Relation between anatomic respiratory dead space and body size and lung volume},
  author={Hart, MC and Orzalesi, MM and Cook, CD},
  journal={Journal of Applied Physiology},
  volume={18},
  number={3},
  pages={519--522},
  year={1963}
}

@article{horsfield1976diameter,
  title={Diameter, length and branching ratios in the bronchial tree},
  author={Horsfield, Keith and Relea, Fernando G and Gumming, Gordon},
  journal={Respiration Physiology},
  volume={26},
  number={3},
  pages={351--356},
  year={1976},
  publisher={Elsevier}
}

@article{ben2006simplified,
  title={Simplified models for gas exchange in the human lungs},
  author={Ben-Tal, Alona},
  journal={Journal of Theoretical Biology},
  volume={238},
  number={2},
  pages={474--495},
  year={2006},
  publisher={Elsevier}
}

@article{pedley1970energy,
  title={Energy losses and pressure drop in models of human airways},
  author={Pedley, TJ and Schroter, RC and Sudlow, MF},
  journal={Respiration Physiology},
  volume={9},
  number={3},
  pages={371--386},
  year={1970},
  publisher={Elsevier}
}

@article{tawhai2009supine,
  title={Supine and prone differences in regional lung density and pleural pressure gradients in the human lung with constant shape},
  author={Tawhai, Merryn H and Nash, Martyn P and Lin, Ching-Long and Hoffman, Eric A},
  journal={Journal of Applied Physiology},
  volume={107},
  number={3},
  pages={912--920},
  year={2009},
  publisher={American Physiological Society}
}

@article{swan2012computational,
  title={A computational model of the topographic distribution of ventilation in healthy human lungs},
  author={Swan, Annalisa J and Clark, Alys R and Tawhai, Merryn H},
  journal={Journal of Theoretical Biology},
  volume={300},
  pages={222--231},
  year={2012},
  publisher={Elsevier}
}

@article{clark2011interdependent,
  title={The interdependent contributions of gravitational and structural features to perfusion distribution in a multiscale model of the pulmonary circulation},
  author={Clark, Alys R and Tawhai, Merryn H and Hoffman, Eric A and Burrowes, Kelly S},
  journal={Journal of Applied Physiology},
  volume={110},
  number={4},
  pages={943--955},
  year={2011},
  publisher={American Physiological Society Bethesda, MD}
}

@article{tawhai2004ct,
  title={CT-based geometry analysis and finite element models of the human and ovine bronchial tree},
  author={Tawhai, Merryn H and Hunter, Peter and Tschirren, Juerg and Reinhardt, Joseph and McLennan, Geoffrey and Hoffman, Eric A},
  journal={Journal of Applied Physiology},
  volume={97},
  number={6},
  pages={2310--2321},
  year={2004},
  publisher={American Physiological Society}
}

@article{tawhai2000generation,
  title={Generation of an anatomically based three-dimensional model of the conducting airways},
  author={Tawhai, M Howatson and Pullan, AJ and Hunter, PJ},
  journal={Annals of Biomedical Engineering},
  volume={28},
  number={7},
  pages={793--802},
  year={2000},
  publisher={Springer}
}

@article{neas1996determinants,
  title={The determinants of pulmonary diffusing capacity in a national sample of US adults.},
  author={Neas, Lucas M and Schwartz, Joel},
  journal={American Journal of Respiratory and Critical Care Medicine},
  volume={153},
  number={2},
  pages={656--664},
  year={1996},
  publisher={American Public Health Association}
}

@article{valentine1990preoxygenation,
  title={Preoxygenation in the elderly: a comparison of the four-maximal-breath and three-minute techniques.},
  author={Valentine, Stephen J and Marjot, Robert and Monk, Christopher R},
  journal={Anesthesia and Analgesia},
  volume={71},
  number={5},
  pages={516--519},
  year={1990}
}

@article{craig1971closing,
  title={" Closing 
	volume" and its relationship to gas exchange in seated and supine positions.},
  author={Craig, DOUGLAS B and Wahba, WM and Don, HF and Couture, JG and Becklake, MARGARET R},
  journal={Journal of Applied Physiology},
  volume={31},
  number={5},
  pages={717--721},
  year={1971}
}

@article{griffith2001predictors,
  title={Predictors of loss of lung function in the elderly: the Cardiovascular Health Study},
  author={Griffith, Kent A and Sherrill, Duane L and Siegel, Erin M and Manolio, Teri A and Bonekat, Horace W and Enright, Paul L},
  journal={American Journal of Respiratory and Critical Care Medicine},
  volume={163},
  number={1},
  pages={61--68},
  year={2001},
  publisher={American Thoracic Society New York, NY}
}

@article{campbell1978aging,
  title={How aging affects the structure and function of the respiratory system.},
  author={Campbell, EJ and Lefrak, SS},
  journal={Geriatrics (Basel, Switzerland)},
  volume={33},
  number={6},
  pages={68--74},
  year={1978}
}

@article{pollock1997twenty,
  title={Twenty-year follow-up of aerobic power and body composition of older track athletes},
  author={Pollock, Michael L and Mengelkoch, Larry J and Graves, James E and Lowenthal, David T and Limacher, Marian C and Foster, Carl and Wilmore, Jack H},
  journal={Journal of Applied Physiology},
  volume={82},
  number={5},
  pages={1508--1516},
  year={1997},
  publisher={American Physiological Society Bethesda, MD}
}

@article{butler1970capillary,
  title={Capillary density: alveolar diameter, a morphometric approach to ventilation and perfusion},
  author={Butler, Cooley and Kleinerman, Jerome},
  journal={American Review of Respiratory Disease},
  volume={102},
  number={6},
  pages={886--894},
  year={1970},
  publisher={American Lung Association}
}

@article{thurlbeck1975growth,
  title={Growth and aging of the normal human lung.},
  author={Thurlbeck, William M and Angus, G Elspeth},
  journal={Chest},
  volume={67},
  number={2 Suppl},
  pages={3S--6S},
  year={1975}
}

@article{guenard1996pulmonary,
  title={Pulmonary gas exchange in elderly subjects},
  author={Guenard, H and Marthan, R},
  journal={European Respiratory Journal},
  volume={9},
  number={12},
  pages={2573--2577},
  year={1996},
  publisher={Eur Respiratory Soc}
}

@article{delclaux1994arterial,
  title={Arterial blood gases in elderly persons with chronic obstructive pulmonary disease (COPD)},
  author={Delclaux, B and Orcel, B and Housset, B and Whitelaw, WA and Derenne, JP},
  journal={European Respiratory Journal},
  volume={7},
  number={5},
  pages={856--861},
  year={1994},
  publisher={Eur Respiratory Soc}
}

@article{wagner1974measurement,
  title={Measurement of continuous distributions of ventilation-perfusion ratios: theory},
  author={Wagner, Peter D and Saltzman, HA and West, JB},
  journal={Journal of Applied Physiology},
  volume={36},
  number={5},
  pages={588--599},
  year={1974}
}

@article{wagner1974continuous,
  title={Continuous distributions of ventilation-perfusion ratios in normal subjects breathing air and 100\% O 2},
  author={Wagner, Peter D and LARAvuSO, RAYMOND B and Uhi, Richard R and West, John B},
  journal={The Journal of clinical investigation},
  volume={54},
  number={1},
  pages={54--68},
  year={1974},
  publisher={Am Soc Clin Investig}
}

@article{schmidt1973spirometric,
  title={Spirometric standards for healthy elderly men and women: 532 subjects, ages 55 through 94 years},
  author={Schmidt, C DuWayne and Dickman, Marion L and Gardner, Reed M and Brough, Franklin K},
  journal={American Review of Respiratory Disease},
  volume={108},
  number={4},
  pages={933--939},
  year={1973},
  publisher={American Lung Association}
}

@article{milne1972respiratory,
  title={Respiratory function tests in older people},
  author={Milne, JS and Williamson, J},
  journal={Clinical science},
  volume={42},
  number={3},
  pages={371--381},
  year={1972},
  publisher={Portland Press Limited}
}

@article{enright1997peak,
  title={Peak flow lability: association with asthma and spirometry in an older cohort},
  author={Enright, Paul L and Burchette, Raoul J and Peters, James A and Lebowitz, Michael D and McDonnell, William F and Abbey, David E},
  journal={Chest},
  volume={112},
  number={4},
  pages={895--901},
  year={1997},
  publisher={Elsevier}
}

@article{ericsson1969spirometric,
  title={Spirometric studies of ventilatory capacity in elderly people},
  author={Ericsson, Per and Irnell, Lars},
  journal={Acta Medica Scandinavica},
  volume={185},
  number={1-6},
  pages={179--184},
  year={1969},
  publisher={Wiley Online Library}
}

@article{fowler1987maximal,
  title={Maximal expiratory flow-volume curves in Londoners aged 60 years and over.},
  author={Fowler, RW and Pluck, RA and Hetzel, MR},
  journal={Thorax},
  volume={42},
  number={3},
  pages={173--182},
  year={1987},
  publisher={BMJ Publishing Group Ltd}
}

@article{brandstetter1983aging,
  title={Aging and the respiratory system},
  author={Brandstetter, Robert D and Kazemi, Homayoun},
  journal={Medical Clinics of North America},
  volume={67},
  number={2},
  pages={419--431},
  year={1983},
  publisher={Elsevier}
}

@article{knudson1976maximal,
  title={The maximal expiratory flow-volume curve: normal standards, variability, and effects of age},
  author={Knudson, Ronald J and Slatin, Ronald C and Lebowitz, Michael D and Burrows, Benjamin},
  journal={American Review of Respiratory Disease},
  volume={113},
  number={5},
  pages={587--600},
  year={1976},
  publisher={American Lung Association}
}

@article{enright1993spirometry,
  title={Spirometry reference values for women and men 65 to 85 years of age},
  author={Enright, Paul L and Kronmal, Richard A and Higgins, Millicent and Schenker, Marc and Haponik, Edward F},
  journal={Am Rev Respir Dis},
  volume={147},
  number={1},
  pages={125--133},
  year={1993}
}

@article{larsson1983histochemical,
  title={Histochemical characteristics of human skeletal muscle during aging},
  author={Larsson, L},
  journal={Acta Physiologica Scandinavica},
  volume={117},
  number={3},
  pages={469--471},
  year={1983},
  publisher={Wiley Online Library}
}

@article{turner1968elasticity,
  title={Elasticity of human lungs in relation to age},
  author={Turner, James M and Mead, Jere and Wohl, MARY ELLEN},
  journal={Journal of Applied Physiology},
  volume={25},
  number={6},
  pages={664--671},
  year={1968}
}

@article{bassey1993normal,
  title={Normal values for handgrip strength in 920 men and women aged over 65 years, and longitudinal changes over 4 years in 620 survivors},
  author={Bassey, EJ and Harries, UJ},
  journal={Clinical Science},
  volume={84},
  number={3},
  pages={331--337},
  year={1993},
  publisher={Portland Press Limited}
}

@article{tolep1993effect,
  title={Effect of aging on respiratory skeletal muscles.},
  author={Tolep, Kenneth and Kelsen, Steven G},
  journal={Clinics in Chest Medicine},
  volume={14},
  number={3},
  pages={363--378},
  year={1993}
}

@article{arora1982effect,
  title={Effect of body weight and muscularity on human diaphragm muscle mass, thickness, and area},
  author={Arora, NARINDER S and Rochester, DUDLEY F},
  journal={Journal of Applied Physiology},
  volume={52},
  number={1},
  pages={64--70},
  year={1982}
}

@article{arora1982respiratory,
  title={Respiratory muscle strength and maximal voluntary ventilation in undernourished patients},
  author={Arora, Narinder S and Rochester, Dudley F},
  journal={American Review of Respiratory Disease},
  volume={126},
  number={1},
  pages={5--8},
  year={1982},
  publisher={American Lung Association}
}

@article{enright1994respiratory,
  title={Respiratory muscle strength in the elderly. Correlates and reference values. Cardiovascular Health Study Research Group.},
  author={Enright, PAUL L and Kronmal, Richard A and Manolio, Teri A and Schenker, MARC B and Hyatt, Robert E},
  journal={American Journal of Respiratory and Critical Care Medicine},
  volume={149},
  number={2},
  pages={430--438},
  year={1994},
  publisher={American Public Health Association}
}

@article{tolep1995comparison,
  title={Comparison of diaphragm strength between healthy adult elderly and young men.},
  author={Tolep, Kenneth and Higgins, Nancy and Muza, Stephen and Criner, Gerard and Kelsen, STEVEN G},
  journal={American Journal of Respiratory and Critical Care Medicine},
  volume={152},
  number={2},
  pages={677--682},
  year={1995},
  publisher={American Public Health Association}
}

@article{polkey1997contractile,
  title={The contractile properties of the elderly human diaphragm.},
  author={Polkey, Michael I and Harris, M Lou and Hughes, Philip D and Hamneg{\"a}rd, CH and Lyons, Declan and Green, Malcolm and Moxham, John},
  journal={American Journal of Respiratory and Critical Care Medicine},
  volume={155},
  number={5},
  pages={1560--1564},
  year={1997},
  publisher={American Public Health Association}
}

@article{edge1964radiographic,
  title={The radiographic appearances of the chest in persons of advanced age},
  author={Edge, JR and Millard, FJC and Reid, Lynne and Simon, G},
  journal={The British Journal of Radiology},
  volume={37},
  number={442},
  pages={769--774},
  year={1964},
  publisher={The British Institute of Radiology}
}

@article{gunby1994epidemiology,
  title={Epidemiology of bone loss with aging},
  author={Gunby, Mark C and Morley, John E},
  journal={Clinics in Geriatric Medicine},
  volume={10},
  number={4},
  pages={557--574},
  year={1994},
  publisher={Elsevier}
}

@article{crapo1993aging,
  title={The aging lung},
  author={Crapo, RO},
  journal={Lung Biology in Health and Disease},
  volume={63},
  pages={1--25},
  year={1993},
  publisher={Dekker}
}

@book{murray1986normal,
  title={The normal lung: the basis for diagnosis and treatment of pulmonary disease},
  author={Murray, John Frederic},
  year={1986},
  publisher={WB Saunders Company}
}

@article{janssens1999physiological,
  title={Physiological changes in respiratory function associated with ageing},
  author={Janssens, Jean-Paul and Pache, Jean-Claude and Nicod, LP},
  journal={European Respiratory Journal},
  volume={13},
  number={1},
  pages={197--205},
  year={1999},
  publisher={Eur Respiratory Soc}
}

@article{weenig1974relationship,
  title={Relationship of preoperative closing volume to functional residual capacity and alveolar-arterial oxygen difference during anesthesia with controlled ventilation},
  author={Weenig, CS and Pietak, S and Hickey, RF and Fairley, HB},
  journal={Anesthesiology},
  volume={41},
  number={1},
  pages={3--7},
  year={1974},
  publisher={Anesthesiology}
}

@inproceedings{warner1989role,
  title={Role of preoperative cessation of smoking and other factors in postoperative pulmonary complications: a blinded prospective study of coronary artery bypass patients},
  author={WARNER, MARK A and OFFORD, KENNETH P and WARNER, MARY E and LENNON, ROBERT L and CONOVER, M ANN and JANSSON-SCHUMACHER, ULRIKA},
  booktitle={Mayo Clinic Proceedings},
  volume={64},
  number={6},
  pages={609--616},
  year={1989},
  organization={Elsevier}
}

@article{donevan1959influence,
  title={Influence of age on pulmonary diffusing capacity},
  author={Donevan, RE and Palmer, WH and Varvis, CJ and Bates, DV},
  journal={Journal of Applied Physiology},
  volume={14},
  number={4},
  pages={483--492},
  year={1959}
}

@article{raine1963aa,
  title={Aa difference in O2 tension and physiological dead space in normal man},
  author={Raine, June M and Bishop, JM},
  journal={Journal of Applied Physiology},
  volume={18},
  number={2},
  pages={284--288},
  year={1963}
}

@article{shimura1986effects,
  title={Effects of ageing on the alveolar pores of Kohn and on the cytoplasmic components of alveolar type II cells in monkey lungs},
  author={Shimura, Sanae and Boatman, Edwin S and Martin, CJ},
  journal={The Journal of Pathology},
  volume={148},
  number={1},
  pages={1--11},
  year={1986},
  publisher={Wiley Online Library}
}

@inproceedings{mauderly1979effect,
  title={Effect of age on pulmonary structure and function of immature and adult animals and man.},
  author={Mauderly, JL},
  booktitle={Federation proceedings},
  volume={38},
  number={2},
  pages={173--177},
  year={1979}
}

@article{davidson1990influence,
  title={Influence of aging on pulmonary hemodynamics in a population free of coronary artery disease},
  author={Davidson, William R and Fee, Eric C},
  journal={American Journal of Cardiology},
  volume={65},
  number={22},
  pages={1454--1458},
  year={1990},
  publisher={Elsevier}
}

@article{pontoppidan1960progressive,
  title={Progressive loss of protective reflexes in the airway with the advance of age},
  author={Pontoppidan, Henning and Beecher, Henry K and others},
  journal={JAMA},
  volume={174},
  number={18},
  pages={77--81},
  year={1960}
}

@article{berry1987sleep,
  title={Sleep-disordered breathing in healthy aged persons: possible daytime sequelae},
  author={Berry, David TR and Phillips, Barbara A and Cook, Yvette R and Schmitt, Frederick A and Gilmore, Robin L and Patel, Rajesh and Keener, Thomas M and Tyre, Elizabeth},
  journal={Journal of Gerontology},
  volume={42},
  number={6},
  pages={620--626},
  year={1987},
  publisher={The Gerontological Society of America}
}

@article{allen1987seventy,
  title={Seventy-two hour polygraphic and behavioral recordings of wakefulness and sleep in a hospital geriatric unit: comparison between demented and nondemented patients},
  author={Allen, Susan R and Seiler, Walter O and St{\"a}helin, Hannes B and Spiegel, Ren{\'e}},
  journal={Sleep},
  volume={10},
  number={2},
  pages={143--159},
  year={1987},
  publisher={Oxford University Press}
}

@inproceedings{smith1986respiratory,
  title={Respiratory effects of aging},
  author={Smith, TC},
  booktitle={Seminars in Anesthesia},
  volume={5},
  number={1},
  pages={14--22},
  year={1986},
  organization={Wb Saunders Co Independence Square West Curtis Center, STE 300, Philadelphia, PA 19106-3399}
}

@article{gerstenblith1976age,
  title={Age changes in myocardial function and exercise response},
  author={Gerstenblith, Gary and Lakatta, Edward G and Weisfeldt, Myron L},
  journal={Progress in Cardiovascular Diseases},
  volume={19},
  number={1},
  pages={1--21},
  year={1976},
  publisher={Elsevier}
}

@article{mittman1965relationship,
  title={Relationship between chest wall and pulmonary compliance and age},
  author={Mittman, Charles and Edelman, Norman H and Norris, Arthur H and Shock, Nathan W},
  journal={Journal of Applied Physiology},
  volume={20},
  number={6},
  pages={1211--1216},
  year={1965}
}

@article{mcclaran1995longitudinal,
  title={Longitudinal effects of aging on lung function at rest and exercise in healthy active fit elderly adults},
  author={McClaran, SR and Babcock, MA and Pegelow, DF and Reddan, WG and Dempsey, JA},
  journal={Journal of Applied Physiology},
  volume={78},
  number={5},
  pages={1957--1968},
  year={1995}
}

@article{variakojis1997preoperative,
  title={Preoperative evaluation of the elderly},
  author={Variakojis, Renata J and Roizen, Michael F},
  journal={Geriatric Anaesthesiology},
  pages={175--178},
  year={1997},
  publisher={Williams \&}
}

@article{martin1997effect,
  title={The effect of age, sex, obesity and posture on upper airway size},
  author={Martin, SE and Mathur, R and Marshall, I and Douglas, NJ},
  journal={European Respiratory Journal},
  volume={10},
  number={9},
  pages={2087--2090},
  year={1997},
  publisher={Eur Respiratory Soc}
}

@article{chan2010obstructive,
  title={Obstructive sleep apnoea--an update},
  author={Chan, ASL and Phillips, CL and Cistulli, PA},
  journal={Internal Medicine Journal},
  volume={40},
  number={2},
  pages={102--106},
  year={2010},
  publisher={Wiley Online Library}
}

@article{fogel2003control,
  title={Control of upper airway muscle activity in younger versus older men during sleep onset},
  author={Fogel, Robert B and White, David P and Pierce, Robert J and Malhotra, Atul and Edwards, Jill K and Dunai, Judy and Kleverlaan, Darci and Trinder, John},
  journal={The Journal of Physiology},
  volume={553},
  number={2},
  pages={533--544},
  year={2003},
  publisher={Wiley Online Library}
}

@article{aminpour2011pharyngeal,
  title={Pharyngeal wall differences between normal younger and older adults.},
  author={Aminpour, Shervin and Leonard, Rebecca and Fuller, Scott C and Belafsky, Peter C},
  journal={ENT: Ear, Nose \& Throat Journal},
  volume={90},
  number={4},
  year={2011}
}

@article{edelstein1996aging,
  title={Aging of the normal nose in adults},
  author={Edelstein, David R},
  journal={The Laryngoscope},
  volume={106},
  number={S81},
  pages={1--25},
  year={1996},
  publisher={Wiley Online Library}
}

@article{wahba1983influence,
  title={Influence of aging on lung function-clinical significance of changes from age twenty},
  author={Wahba, WM},
  journal={Anesthesia \& Analgesia},
  volume={62},
  number={8},
  pages={764--776},
  year={1983},
  publisher={Citeseer}
}

@article{levitzky1984effects,
  title={Effects of aging on the respiratory system},
  author={Levitzky, Michael G},
  journal={Physiologist},
  volume={27},
  number={2},
  pages={102--107},
  year={1984}
}

@article{paoletti1985reference,
  title={Reference equations for the single-breath diffusing capacity: a cross-sectional analysis and effect of body size and age},
  author={Paoletti, Paolo and Viegi, Giovanni and Pistelli, Giuseppe and Di Pede, Francesco and Fazzi, Piera and Polato, Raffaele and Saetta, Marina and Zambon, Roberto and Carli, Giulio and Giuntini, Carlo and others},
  journal={American Review of Respiratory Disease},
  volume={132},
  number={4},
  pages={806--813},
  year={1985},
  publisher={American Lung Association}
}

@article{holland1968regional,
  title={Regional distribution of pulmonary ventilation and perfusion in elderly subjects},
  author={Holland, J and Milic-Emili, J and Macklem, PT and Bates, DV},
  journal={The Journal of Clinical Investigation},
  volume={47},
  number={1},
  pages={81--92},
  year={1968},
  publisher={Am Soc Clin Investig}
}

@article{cardus1997increase,
  title={Increase in pulmonary ventilation--perfusion inequality with age in healthy individuals},
  author={Cardus, Jaume and Burgos, Felip and Diaz, Orlando and Roca, Josep and Barber{\'A}, Joan Albert and Marrades, Ram{\'O}n M and Rodriguez-Roisin, Robert and Wagner, Peter D},
  journal={American Journal of Respiratory and Critical Care Medicine},
  volume={156},
  number={2},
  pages={648--653},
  year={1997},
  publisher={American Thoracic Society New York, NY}
}

@article{cerveri1995reference,
  title={Reference values of arterial oxygen tension in the middle-aged and elderly.},
  author={Cerveri, I and Zoia, MC and Fanfulla, F and Spagnolatti, L and Berrayah, L and Grassi, M and Tinelli, C},
  journal={American Journal of Respiratory and Critical Care Medicine},
  volume={152},
  number={3},
  pages={934--941},
  year={1995},
  publisher={American Public Health Association}
}

@inproceedings{taylor2010pulmonary,
  title={The pulmonary circulation and exercise responses in the elderly},
  author={Taylor, Bryan J and Johnson, Bruce D},
  booktitle={Seminars in respiratory and critical care medicine},
  volume={31},
  number={5},
  pages={528},
  year={2010},
  organization={NIH Public Access}
}

@article{wijesinghe2005effect,
  title={The effect of aging on the respiratory skeletal muscles},
  author={Wijesinghe, Meme and Dow, Lindsey},
  journal={Principles and Practice of Geriatric Medicine},
  volume={2},
  pages={671--683},
  year={2005},
  publisher={Wiley Online Library}
}

@article{sprung2006age,
  title={age related alterations in respiratory function—anesthetic considerations},
  author={Sprung, Juraj and Gajic, Ognjen and Warner, David O},
  journal={Canadian Journal of Anesthesia},
  volume={53},
  number={12},
  pages={1244},
  year={2006},
  publisher={Springer}
}

@article{zaugg2000respiratory,
  title={Respiratory function in the elderly},
  author={Zaugg, Michael and Lucchinetti, Eliana},
  journal={Anesthesiology Clinics of North America},
  volume={18},
  number={1},
  pages={47--58},
  year={2000},
  publisher={Elsevier}
}

@article{colloca2010age,
  title={Age-related physiologic changes and perioperative management of elderly patients},
  author={Colloca, Giuseppe and Santoro, Michaela and Gambassi, Giovanni},
  journal={Surgical Oncology},
  volume={19},
  number={3},
  pages={124--130},
  year={2010},
  publisher={Elsevier}
}

@article{stanojevic2008reference,
  title={Reference ranges for spirometry across all ages: a new approach},
  author={Stanojevic, Sanja and Wade, Angie and Stocks, Janet and Hankinson, John and Coates, Allan L and Pan, Huiqi and Rosenthal, Mark and Corey, Mary and Lebecque, Patrick and Cole, Tim J},
  journal={American Journal of Respiratory and Critical Care Medicine},
  volume={177},
  number={3},
  pages={253--260},
  year={2008},
  publisher={American Thoracic Society}
}

@article{janssens2005aging,
  title={Aging of the respiratory system: impact on pulmonary function tests and adaptation to exertion},
  author={Janssens, Jean-Paul},
  journal={Clinics in Chest Medicine},
  volume={26},
  number={3},
  pages={469--484},
  year={2005},
  publisher={Elsevier}
}

@article{stocks1995reference,
  title={Reference values for residual volume, functional residual capacity and total lung capacity. ATS Workshop on Lung Volume Measurements. Official Statement of The European Respiratory Society},
  author={Stocks, JaPHQ and Quanjer, Ph H},
  journal={European Respiratory Journal},
  volume={8},
  number={3},
  pages={492--506},
  year={1995},
  publisher={Eur Respiratory Soc}
}

@article{verbeken1992senile,
  title={The senile lung: comparison with normal and emphysematous lungs 1. Structural aspects},
  author={Verbeken, Erik K and Cauberghs, Michel and Mertens, Ingrid and Clement, Jacques and Lauweryns, Joseph M and Van de Woestijne, Karel P},
  journal={Chest},
  volume={101},
  number={3},
  pages={793--799},
  year={1992},
  publisher={Elsevier}
}

@article{chester2011vital,
  title={Vital signs in older patients: age-related changes},
  author={Chester, Jennifer Gonik and Rudolph, James L},
  journal={Journal of the American Medical Directors Association},
  volume={12},
  number={5},
  pages={337--343},
  year={2011},
  publisher={Elsevier}
}

@article{bastin2010quantifying,
  title={Quantifying the effects of normal ageing on white matter structure using unsupervised tract shape modelling},
  author={Bastin, Mark E and Maniega, Susana Mu{\~n}oz and Ferguson, Karen J and Brown, Laura J and Wardlaw, Joanna M and MacLullich, Alasdair MJ and Clayden, Jonathan D},
  journal={Neuroimage},
  volume={51},
  number={1},
  pages={1--10},
  year={2010},
  publisher={Elsevier}
}

@article{dickstein2007changes,
  title={Changes in the structural complexity of the aged brain},
  author={Dickstein, Dara L and Kabaso, Doron and Rocher, Anne B and Luebke, Jennifer I and Wearne, Susan L and Hof, Patrick R},
  journal={Aging Cell},
  volume={6},
  number={3},
  pages={275--284},
  year={2007},
  publisher={Wiley Online Library}
}

@article{freye2004use,
  title={Use of opioids in the elderly--pharmacokinetic and pharmacodynamic considerations},
  author={Freye, E and Levy, JV},
  journal={Anasthesiologie, Intensivmedizin, Notfallmedizin, Schmerztherapie: AINS},
  volume={39},
  number={9},
  pages={527--537},
  year={2004}
}

@article{decarli2003mild,
  title={Mild cognitive impairment: prevalence, prognosis, aetiology, and treatment},
  author={DeCarli, Charles},
  journal={The Lancet Neurology},
  volume={2},
  number={1},
  pages={15--21},
  year={2003},
  publisher={Elsevier}
}

@article{lalley2013aging,
  title={The aging respiratory system—pulmonary structure, function and neural control},
  author={Lalley, Peter M},
  journal={Respiratory Physiology \& Neurobiology},
  volume={187},
  number={3},
  pages={199--210},
  year={2013},
  publisher={Elsevier}
}

@article{sato2000tissue,
  title={Tissue classification based on 3D local intensity structures for volume rendering},
  author={Sato, Yoshinobu and Westin, Carl-Fredrik and Bhalerao, Abhir and Nakajima, Shin and Shiraga, Nobuyuki and Tamura, Shinichi and Kikinis, Ron},
  journal={IEEE Transactions on Visualization and Computer Graphics},
  volume={6},
  number={2},
  pages={160--180},
  year={2000},
  publisher={IEEE}
}

@inproceedings{zavaletta2006high,
  title={High resolution multidetector CT aided tissue analysis and quantification of lung fibrosis},
  author={Zavaletta, Vanessa A and Karwoski, Ronald A and Bartholmai, Brian and Robb, Richard A},
  booktitle={Medical Imaging 2006: Physiology, Function, and Structure from Medical Images},
  volume={6143},
  pages={61432Z},
  year={2006},
  organization={International Society for Optics and Photonics}
}

@article{kinsella1990quantitation,
  title={Quantitation of emphysema by computed tomography using a “density mask” program and correlation with pulmonary function tests},
  author={Kinsella, Mario and M{\"u}ller, Nestor L and Abboud, Raja T and Morrison, Nancy J and DyBuncio, Anne},
  journal={Chest},
  volume={97},
  number={2},
  pages={315--321},
  year={1990},
  publisher={Elsevier}
}

@article{knudson1991expiratory,
  title={Expiratory computed tomography for assessment of suspected pulmonary emphysema},
  author={Knudson, Ronald J and Standen, James R and Kaltenborn, Walter T and Knudson, Dwyn E and Rehm, Kelly and Habib, Michael P and Newell, John D},
  journal={Chest},
  volume={99},
  number={6},
  pages={1357--1366},
  year={1991},
  publisher={Elsevier}
}

@article{muller1988density,
  title={“Density mask”: an objective method to quantitate emphysema using computed tomography},
  author={M{\"u}ller, Nestor L and Staples, Catherine A and Miller, Roberta R and Abboud, Raja T},
  journal={Chest},
  volume={94},
  number={4},
  pages={782--787},
  year={1988},
  publisher={Elsevier}
}

@article{gould1988ct,
  title={CT measurements of lung density in life can quantitate distal airspace enlargement—an essential defining feature of human emphysema},
  author={Gould, GA and MacNee, W and McLean, A and Warren, PM and Redpath, A and Best, JJK and Lamb, D and Flenley, DC},
  journal={American Review of Respiratory Disease},
  volume={137},
  number={2},
  pages={380--392},
  year={1988},
  publisher={American Lung Association}
}

@article{gilman1983ct,
  title={CT attenuation values of lung density in sarcoidosis.},
  author={Gilman, Murray J and Laurens, Jr RG and Somogyi, James W and Honig, Eric G},
  journal={Journal of Computer Assisted Tomography},
  volume={7},
  number={3},
  pages={407--410},
  year={1983}
}

@article{behr1992evaluation,
  title={Evaluation of interstitial lung disease by quantitative high-resolution computed tomography},
  author={Behr, J and Mehnert, F and Beinert, T and others},
  journal={Am Rev Respir Dis},
  volume={145},
  number={Suppl.},
  pages={A191},
  year={1992}
}

@inproceedings{da2008identification,
  title={Identification and quantification of pulmonary emphysema through pseudocolors},
  author={da Silva Felix, John Hebert and Cortez, Paulo C{\'e}sar and Rebou{\c{c}}as Filho, Pedro Pedrosa and de Alexandria, Auzuir Ripardo and Costa, Rodrigo Carvalho Sousa and Holanda, Marcelo Alcantara},
  booktitle={Mexican International Conference on Artificial Intelligence},
  pages={957--964},
  year={2008},
  organization={Springer}
}

@article{wang2013high,
  title={High-resolution computed tomography in assessment of patients with emphysema},
  author={Wang, Jeng-Shing and Cherng, Jaw-Ming and Perng, Daw-Shyong and Lee, Hong-Shen and Wang, Sophie},
  journal={Respiratory Care},
  volume={58},
  number={4},
  pages={614--622},
  year={2013},
  publisher={Respiratory Care}
}

@article{gotway2007challenges,
  title={Challenges in pulmonary fibrosis{\textperiodcentered} 1: Use of high resolution CT scanning of the lung for the evaluation of patients with idiopathic interstitial pneumonias},
  author={Gotway, Michael B and Freemer, Michelle M and King, Talmadge E},
  journal={Thorax},
  volume={62},
  number={6},
  pages={546--553},
  year={2007},
  publisher={BMJ Publishing Group Ltd}
}

@article{devaraj2014imaging,
  title={Imaging: how to recognise idiopathic pulmonary fibrosis},
  author={Devaraj, Anand},
  journal={European Respiratory Review},
  volume={23},
  number={132},
  pages={215--219},
  year={2014},
  publisher={Eur Respiratory Soc}
}

@article{kim2015comparison,
  title={Comparison of the quantitative CT imaging biomarkers of idiopathic pulmonary fibrosis at baseline and early change with an interval of 7 months},
  author={Kim, Hyun J and Brown, Matthew S and Chong, Daniel and Gjertson, David W and Lu, Peiyun and Kim, Hak J and Coy, Heidi and Goldin, Jonathan G},
  journal={Academic Radiology},
  volume={22},
  number={1},
  pages={70--80},
  year={2015},
  publisher={Elsevier}
}

@article{kim2011quantitative,
  title={Quantitative texture-based assessment of one-year changes in fibrotic reticular patterns on HRCT in scleroderma lung disease treated with oral cyclophosphamide},
  author={Kim, Hyun J and Brown, Matthew S and Elashoff, Robert and Li, Gang and Gjertson, David W and Lynch, David A and Strollo, Diane C and Kleerup, Eric and Chong, Daniel and Shah, Sumit K and others},
  journal={European Radiology},
  volume={21},
  number={12},
  pages={2455--2465},
  year={2011},
  publisher={Springer}
}

@article{kim2010computer,
  title={A computer-aided diagnosis system for quantitative scoring of extent of lung fibrosis in scleroderma patients},
  author={Kim, HJ and Tashkin, DP and Clements, P and Li, G and Brown, MS and Elashoff, R and Gjertson, DW and Abtin, F and Lynch, DA and Strollo, DC and others},
  journal={Clinical and Experimental Rheumatology},
  volume={28},
  number={5 Suppl 62},
  pages={S26},
  year={2010},
  publisher={NIH Public Access}
}

@misc{lederer2013clinical,
  title={Clinical trials in idiopathic pulmonary fibrosis: a framework for moving forward},
  author={Lederer, David J},
  year={2013},
  publisher={Eur Respiratory Soc}
}

@misc{dirksen2013search,
  title={The search for distinct and clinically useful phenotypes in chronic obstructive pulmonary disease},
  author={Dirksen, Asger and MacNee, William},
  year={2013},
  publisher={American Thoracic Society}
}

@article{goldin2013computed,
  title={Computed tomography as a biomarker in clinical trials imaging},
  author={Goldin, Jonathan G},
  journal={Journal of Thoracic Imaging},
  volume={28},
  number={5},
  pages={291--297},
  year={2013},
  publisher={LWW}
}

@article{schuster2007opportunities,
  title={The opportunities and challenges of developing imaging biomarkers to study lung function and disease},
  author={Schuster, Daniel P},
  journal={American Journal of Respiratory and Critical Care Medicine},
  volume={176},
  number={3},
  pages={224--230},
  year={2007},
  publisher={American Thoracic Society}
}

@article{sullivan2008imaging,
  title={Imaging as a quantitative science},
  author={Sullivan, Daniel C},
  journal={Radiology},
  volume={248},
  number={2},
  pages={328--332},
  year={2008},
  publisher={Radiological Society of North America}
}

@article{gietema2011quantifying,
  title={Quantifying the Extent of Emphysema:: Factors Associated with Radiologists’ Estimations and Quantitative Indices of Emphysema Severity Using the ECLIPSE Cohort},
  author={Gietema, Hester A and M{\"u}ller, Nestor L and Fauerbach, Paola V Nasute and Sharma, Sanjay and Edwards, Lisa D and Camp, Pat G and Coxson, Harvey O and Evaluation of COPD Longitudinally to Identify Predictive Surrogate Endpoints (ECLIPSE) investigators and others},
  journal={Academic Radiology},
  volume={18},
  number={6},
  pages={661--671},
  year={2011},
  publisher={Elsevier}
}

@article{kim2013chronic,
  title={Chronic obstructive pulmonary disease: lobe-based visual assessment of volumetric CT by using standard images—comparison with quantitative CT and pulmonary function test in the COPDGene study},
  author={Kim, Song Soo and Seo, Joon Beom and Lee, Ho Yun and Nevrekar, Dipti V and Forssen, Anna V and Crapo, James D and Schroeder, Joyce D and Lynch, David A},
  journal={Radiology},
  volume={266},
  number={2},
  pages={626--635},
  year={2013},
  publisher={Radiological Society of North America, Inc.}
}

@article{castaldi2013distinct,
  title={Distinct quantitative computed tomography emphysema patterns are associated with physiology and function in smokers},
  author={Castaldi, Peter J and San Jos{\'e} Est{\'e}par, Ra{\'u}l and Mendoza, Carlos S and Hersh, Craig P and Laird, Nan and Crapo, James D and Lynch, David A and Silverman, Edwin K and Washko, George R},
  journal={American Journal of Respiratory and Critical Care Medicine},
  volume={188},
  number={9},
  pages={1083--1090},
  year={2013},
  publisher={American Thoracic Society}
}

@article{xu2006mdct,
  title={MDCT-based 3-D texture classification of emphysema and early smoking related lung pathologies},
  author={Xu, Ye and Sonka, Milan and McLennan, Geoffrey and Guo, Junfeng and Hoffman, Eric A},
  journal={IEEE Transactions on Medical Imaging},
  volume={25},
  number={4},
  pages={464--475},
  year={2006},
  publisher={IEEE}
}

@article{macdonald2001nonspecific,
  title={Nonspecific interstitial pneumonia and usual interstitial pneumonia: comparative appearances at and diagnostic accuracy of thin-section CT},
  author={MacDonald, Sharyn LS and Rubens, Michael B and Hansell, David M and Copley, Susan J and Desai, Sujal R and du Bois, Roland M and Nicholson, Andrew G and Colby, Thomas V and Wells, Athol U},
  journal={Radiology},
  volume={221},
  number={3},
  pages={600--605},
  year={2001},
  publisher={Radiological Society of North America}
}

@article{flaherty2003prognostic,
  title={Prognostic implications of physiologic and radiographic changes in idiopathic interstitial pneumonia},
  author={Flaherty, Kevin R and Mumford, Jeanette A and Murray, Susan and Kazerooni, Ella A and Gross, Barry H and Colby, Thomas V and Travis, William D and Flint, Andrew and Toews, Galen B and Lynch III, Joseph P and others},
  journal={American Journal of Respiratory and Critical Care Medicine},
  volume={168},
  number={5},
  pages={543--548},
  year={2003},
  publisher={American Thoracic Society}
}

@article{mooney2013radiographic,
  title={Radiographic fibrosis score predicts survival in hypersensitivity pneumonitis},
  author={Mooney, Joshua J and Elicker, Brett M and Urbania, Thomas H and Agarwal, Misha R and Ryerson, Christopher J and Nguyen, Michelle Linh T and Woodruff, Prescott G and Jones, Kirk D and Collard, Harold R and King Jr, Talmadge E and others},
  journal={Chest},
  volume={144},
  number={2},
  pages={586--592},
  year={2013},
  publisher={Elsevier}
}

@article{akira2009usual,
  title={Usual interstitial pneumonia and nonspecific interstitial pneumonia with and without concurrent emphysema: thin-section CT findings},
  author={Akira, Masanori and Inoue, Yoshikazu and Kitaichi, Masanori and Yamamoto, Satoru and Arai, Toru and Toyokawa, Kazushige},
  journal={Radiology},
  volume={251},
  number={1},
  pages={271--279},
  year={2009},
  publisher={Radiological Society of North America}
}

@article{xaubet1998pulmonary,
  title={Pulmonary function tests and CT scan in the management of idiopathic pulmonary fibrosis},
  author={Xaubet, Antoni and Agust{\'\i}, Carles and Luburich, Patricio and Roca, Josep and Mont{\'O}n, Concepci{\'O}n and Ayuso, Mar{\'I}a Carmen and Barber{\'A}, Joan Albert and Rodriguez-Roisin, Robert},
  journal={American Journal of Respiratory and Critical Care Medicine},
  volume={158},
  number={2},
  pages={431--436},
  year={1998},
  publisher={American Thoracic Society New York, NY}
}

@article{hayhurst1984diagnosis,
  title={Diagnosis of pulmonary emphysema by computerised tomography},
  author={Hayhurst, MD and Flenley, DC and McLean, A and Wightman, AJA and MacNee, W and Wright, D and Lamb, D and Best, J},
  journal={The Lancet},
  volume={324},
  number={8398},
  pages={320--322},
  year={1984},
  publisher={Elsevier}
}

@article{hansell2013classification,
  title={Classification of diffuse lung diseases: why and how},
  author={Hansell, David M},
  journal={Radiology},
  volume={268},
  number={3},
  pages={628--640},
  year={2013},
  publisher={Radiological Society of North America, Inc.}
}

@article{travis2013official,
  title={An official American Thoracic Society/European Respiratory Society statement: update of the international multidisciplinary classification of the idiopathic interstitial pneumonias},
  author={Travis, William D and Costabel, Ulrich and Hansell, David M and King Jr, Talmadge E and Lynch, David A and Nicholson, Andrew G and Ryerson, Christopher J and Ryu, Jay H and Selman, Mois{\'e}s and Wells, Athol U and others},
  journal={American Journal of Respiratory and Critical Care Medicine},
  volume={188},
  number={6},
  pages={733--748},
  year={2013},
  publisher={American Thoracic Society}
}

@article{mannino2007global,
  title={Global burden of COPD: risk factors, prevalence, and future trends},
  author={Mannino, David M and Buist, A Sonia},
  journal={The Lancet},
  volume={370},
  number={9589},
  pages={765--773},
  year={2007},
  publisher={Elsevier}
}

@article{olson2007mortality,
  title={Mortality from pulmonary fibrosis increased in the United States from 1992 to 2003},
  author={Olson, Amy L and Swigris, Jeffrey J and Lezotte, Dennis C and Norris, Jill M and Wilson, Carla G and Brown, Kevin K},
  journal={American Journal of Respiratory and Critical Care Medicine},
  volume={176},
  number={3},
  pages={277--284},
  year={2007},
  publisher={American Thoracic Society}
}

@article{cesuroglu2012public,
  title={Public health perspective: from personalized medicine to personal health},
  author={Cesuroglu, Tomris and Van Ommen, Ben and Malats, N{\'u}ria and Sudbrak, Ralf and Lehrach, Hans and Brand, Angela},
  journal={Personalized Medicine},
  volume={9},
  number={2},
  pages={115--119},
  year={2012},
  publisher={Future Medicine}
}

@incollection{agresti2011categorical,
  title={Categorical data analysis},
  author={Agresti, Alan and Kateri, Maria},
  booktitle={International encyclopedia of statistical science},
  pages={206--208},
  year={2011},
  publisher={Springer}
}

@book{deza2006dictionary,
  title={Dictionary of distances},
  author={Deza, Michel-Marie and Deza, Elena},
  year={2006},
  publisher={Elsevier}
}

@inproceedings{sadjadi2003measures,
  title={Measures of effectiveness and their use in comparative image fusion analysis},
  author={Sadjadi, Firooz},
  booktitle={Geoscience and Remote Sensing Symposium, 2003. IGARSS'03. Proceedings. 2003 IEEE International},
  volume={6},
  pages={3659--3661},
  year={2003},
  organization={IEEE}
}

@article{arzhaeva2007computer,
  title={Computer-aided detection of interstitial abnormalities in chest radiographs using a reference standard based on computed tomography},
  author={Arzhaeva, Yulia and Prokop, Mathias and Tax, David MJ and De Jong, Pim A and Schaefer--Prokop, Cornelia M and van Ginneken, Bram},
  journal={Medical Physics},
  volume={34},
  number={12},
  pages={4798--4809},
  year={2007},
  publisher={Wiley Online Library}
}

@article{xu2006computer,
  title={Computer-aided classification of interstitial lung diseases via MDCT: 3D adaptive multiple feature method (3D AMFM)},
  author={Xu, Ye and van Beek, Edwin JR and Hwanjo, Yu and Guo, Junfeng and McLennan, Geoffrey and Hoffman, Eric A},
  journal={Academic Radiology},
  volume={13},
  number={8},
  pages={969--978},
  year={2006},
  publisher={Elsevier}
}

@article{van2002automatic,
  title={Automatic detection of abnormalities in chest radiographs using local texture analysis},
  author={Van Ginneken, Bram and Katsuragawa, Shigehiko and ter Haar Romeny, Bart M and Doi, Kunio and Viergever, Max A},
  journal={IEEE Transactions on Medical Imaging},
  volume={21},
  number={2},
  pages={139--149},
  year={2002},
  publisher={IEEE}
}

@article{kim2005computer,
  title={Computer-aided diagnosis of localized ground-glass opacity in the lung at CT: initial experience},
  author={Kim, Kwang Gi and Goo, Jin Mo and Kim, Jong Hyo and Lee, Hyun Ju and Min, Byung Goo and Bae, Kyongtae T and Im, Jung-Gi},
  journal={Radiology},
  volume={237},
  number={2},
  pages={657--661},
  year={2005},
  publisher={Radiological Society of North America}
}

@article{chabat2003obstructive,
  title={Obstructive lung diseases: texture classification for differentiation at CT},
  author={Chabat, Francois and Yang, Guang-Zhong and Hansell, David M},
  journal={Radiology},
  volume={228},
  number={3},
  pages={871--877},
  year={2003},
  publisher={Radiological Society of North America}
}

@article{hoffman2003characterization,
  title={Characterization of the interstitial lung diseases via density-based and texture-based analysis of computed tomography images of lung structure and function1},
  author={Hoffman, Eric A and Reinhardt, Joseph M and Sonka, Milan and Simon, Brett A and Guo, Junfeng and Saba, Osama and Chon, Deokiee and Samrah, Shaher and Shikata, Hidenori and Tschirren, Juerg and others},
  journal={Academic Radiology},
  volume={10},
  number={10},
  pages={1104--1118},
  year={2003},
  publisher={Elsevier}
}

@article{uchiyama2003quantitative,
  title={Quantitative computerized analysis of diffuse lung disease in high-resolution computed tomography},
  author={Uchiyama, Yoshikazu and Katsuragawa, Shigehiko and Abe, Hiroyuki and Shiraishi, Junji and Li, Feng and Li, Qiang and Zhang, Chao-Tong and Suzuki, Kenji and others},
  journal={Medical Physics},
  volume={30},
  number={9},
  pages={2440--2454},
  year={2003},
  publisher={Wiley Online Library}
}

@article{uppaluri1999computer,
  title={Computer recognition of regional lung disease patterns},
  author={Uppaluri, Renuka and Hoffman, Eric A and Sonka, Milan and Hartley, Patrick G and Hunninghake, Gary W and McLennan, Geoffrey},
  journal={American Journal of Respiratory and Critical Care Medicine},
  volume={160},
  number={2},
  pages={648--654},
  year={1999},
  publisher={American Thoracic Society New York, NY}
}

@article{shyu1999assert,
  title={ASSERT: A physician-in-the-loop content-based retrieval system for HRCT image databases},
  author={Shyu, Chi-Ren and Brodley, Carla E and Kak, Avinash C and Kosaka, Akio and Aisen, Alex M and Broderick, Lynn S},
  journal={Computer Vision and Image Understanding},
  volume={75},
  number={1-2},
  pages={111--132},
  year={1999},
  publisher={Academic Press}
}

@article{depeursinge2010comparative,
  title={Comparative performance analysis of state-of-the-art classification algorithms applied to lung tissue categorization},
  author={Depeursinge, Adrien and Iavindrasana, Jimison and Hidki, Asm{\^a}a and Cohen, Gilles and Geissbuhler, Antoine and Platon, Alexandra and Poletti, Pierre-Alexandre and M{\"u}ller, Henning},
  journal={Journal of Digital Imaging},
  volume={23},
  number={1},
  pages={18--30},
  year={2010},
  publisher={Springer}
}

@article{galban2012computed,
  title={Computed tomography--based biomarker provides unique signature for diagnosis of COPD phenotypes and disease progression},
  author={Galb{\'a}n, Craig J and Han, Meilan K and Boes, Jennifer L and Chughtai, Komal A and Meyer, Charles R and Johnson, Timothy D and Galb{\'a}n, Stefanie and Rehemtulla, Alnawaz and Kazerooni, Ella A and Martinez, Fernando J and others},
  journal={Nature Medicine},
  volume={18},
  number={11},
  pages={1711},
  year={2012},
  publisher={Nature Publishing Group}
}

@article{delorme1997usual,
  title={Usual interstitial pneumonia: quantitative assessment of high-resolution computed tomography findings by computer-assisted texture-based image analysis},
  author={Delorme, Stefan and Keller-Reichenbecher, Mark-Aleksi and Zuna, Ivan and Schlegel, Wolfgang and Van Kaick, Gerhard},
  journal={Investigative Radiology},
  volume={32},
  number={9},
  pages={566--574},
  year={1997},
  publisher={LWW}
}

@article{lynch2007quantitative,
  title={Quantitative CT of fibrotic interstitial lung disease},
  author={Lynch, David A},
  journal={Chest},
  volume={131},
  number={3},
  pages={643--644},
  year={2007},
  publisher={Elsevier}
}

@article{sverzellati2011method,
  title={Method for minimizing observer variation for the quantitation of high-resolution computed tomographic signs of lung disease},
  author={Sverzellati, Nicola and Devaraj, Anand and Desai, Sujal R and Quigley, Maureen and Wells, Athol U and Hansell, David M},
  journal={Journal of Computer Assisted Tomography},
  volume={35},
  number={5},
  pages={596--601},
  year={2011},
  publisher={LWW}
}

@article{kundel2006history,
  title={History of research in medical image perception},
  author={Kundel, Harold L},
  journal={Journal of the American College of Radiology},
  volume={3},
  number={6},
  pages={402--408},
  year={2006},
  publisher={Elsevier}
}

@article{tuddenham1969roentgen,
  title={Roentgen image perception--a personal survey of the problem.},
  author={Tuddenham, WJ},
  journal={Radiologic Clinics of North America},
  volume={7},
  number={3},
  pages={499--501},
  year={1969}
}

@article{garland1949scientific,
  title={On the scientific evaluation of diagnostic procedures: presidential address thirty-fourth annual meeting of the Radiological Society of North America},
  author={Garland, L Henry},
  journal={Radiology},
  volume={52},
  number={3},
  pages={309--328},
  year={1949},
  publisher={The Radiological Society of North America}
}

@article{watadani2013interobserver,
  title={Interobserver variability in the CT assessment of honeycombing in the lungs},
  author={Watadani, Takeyuki and Sakai, Fumikazu and Johkoh, Takeshi and Noma, Satoshi and Akira, Masanori and Fujimoto, Kiminori and Bankier, Alexander A and Lee, Kyung Soo and M{\"u}ller, Nestor L and Song, Jae-Woo and others},
  journal={Radiology},
  volume={266},
  number={3},
  pages={936--944},
  year={2013},
  publisher={Radiological Society of North America, Inc.}
}

@article{flaherty2007idiopathic,
  title={Idiopathic interstitial pneumonia: do community and academic physicians agree on diagnosis?},
  author={Flaherty, Kevin R and Andrei, Adin-Cristian and King Jr, Talmadge E and Raghu, Ganesh and Colby, Thomas V and Wells, Athol and Bassily, Nadir and Brown, Kevin and Du Bois, Roland and Flint, Andrew and others},
  journal={American Journal of Respiratory and Critical Care Medicine},
  volume={175},
  number={10},
  pages={1054--1060},
  year={2007},
  publisher={American Thoracic Society}
}

@article{kim1999nonspecific,
  title={Nonspecific interstitial pneumonia with fibrosis: serial high-resolution CT findings with functional correlation.},
  author={Kim, EUNG YEOP and Lee, KS and Chung, MP and Kwon, O JUNG and Kim, TS and Hwang, JH},
  journal={AJR. American Journal of Roentgenology},
  volume={173},
  number={4},
  pages={949--953},
  year={1999},
  publisher={Am Roentgen Ray Soc}
}

@article{saketkoo2011developing,
  title={Developing disease activity and response criteria in connective tissue disease-related interstitial lung disease},
  author={Saketkoo, Lesley Ann and Matteson, Eric L and Brown, Kevin K and Seibold, James R and Strand, Vibeke},
  journal={The Journal of Rheumatology},
  volume={38},
  number={7},
  pages={1514--1518},
  year={2011},
  publisher={The Journal of Rheumatology}
}

@book{costabel2007diffuse,
  title={Diffuse parenchymal lung disease},
  author={Costabel, Ulrich and Du Bois, Roland M and Egan, Jim J},
  volume={36},
  year={2007},
  publisher={Karger Medical and Scientific Publishers}
}

@article{zerhouni1990high,
  title={High resolution CT for evaluation of diffuse lung disease},
  author={Zerhouni, E},
  journal={CT and MRI of the Thorax Churchill Livingstone},
  pages={93--105},
  year={1990}
}

@article{lynch2005idiopathic,
  title={Idiopathic interstitial pneumonias: CT features},
  author={Lynch, David A and Travis, William D and Muller, Nestor L and Galvin, Jeffrey R and Hansell, David M and Grenier, Philippe A and King, Jr, Talmadge E},
  journal={Radiology},
  volume={236},
  number={1},
  pages={10--21},
  year={2005},
  publisher={Radiological Society of North America}
}

@article{diette2005high,
  title={Do high-resolution CT findings of usual interstitial pneumonitis obviate lung biopsy?},
  author={Diette, Gregory B and Scatarige, John C and Haponik, Edward F and Merriman, Barry and Fishman, Elliot K},
  journal={Respiration},
  volume={72},
  number={2},
  pages={134--141},
  year={2005},
  publisher={Karger Publishers}
}

@article{misumi2006idiopathic,
  title={Idiopathic pulmonary fibrosis/usual interstitial pneumonia: imaging diagnosis, spectrum of abnormalities, and temporal progression},
  author={Misumi, Shigeki and Lynch, David A},
  journal={Proceedings of the American Thoracic Society},
  volume={3},
  number={4},
  pages={307--314},
  year={2006},
  publisher={American Thoracic Society}
}

@article{kazerooni2001high,
  title={High-resolution CT of the lungs},
  author={Kazerooni, Ella A},
  journal={American Journal of Roentgenology},
  volume={177},
  number={3},
  pages={501--519},
  year={2001},
  publisher={Am Roentgen Ray Soc}
}

@article{peikert2008assessment,
  title={Assessment of current practice in the diagnosis and therapy of idiopathic pulmonary fibrosis},
  author={Peikert, T and Daniels, CE and Beebe, TJ and Meyer, KC and Ryu, JH and Interstitial Lung Diseases Network of the American College of Chest Physicians and others},
  journal={Respiratory Medicine},
  volume={102},
  number={9},
  pages={1342--1348},
  year={2008},
  publisher={Elsevier}
}

@article{mueller2007every,
  title={What every radiologist should know about idiopathic interstitial pneumonias},
  author={Mueller-Mang, Christina and Grosse, Claudia and Schmid, Katharina and Stiebellehner, Leopold and Bankier, Alexander A},
  journal={Radiographics},
  volume={27},
  number={3},
  pages={595--615},
  year={2007},
  publisher={Radiological Society of North America}
}

@article{lynch2005high,
  title={High-resolution computed tomography in idiopathic pulmonary fibrosis: diagnosis and prognosis},
  author={Lynch, David A and Godwin, J David and Safrin, Sharon and Starko, Karen M and Hormel, Phil and Brown, Kevin K and Raghu, Ganesh and King Jr, Talmadge E and Bradford, Williamson Z and Schwartz, David A and others},
  journal={American Journal of Respiratory and Critical Care Medicine},
  volume={172},
  number={4},
  pages={488--493},
  year={2005},
  publisher={American Thoracic Society}
}

@article{cottin2011combined,
  title={Combined pulmonary fibrosis and emphysema syndrome in connective tissue disease},
  author={Cottin, Vincent and Nunes, Hilario and Mouthon, Luc and Gamondes, Delphine and Lazor, Romain and Hachulla, Eric and Revel, Didier and Valeyre, Dominique and Cordier, Jean-Fran{\c{c}}ois},
  journal={Arthritis \& Rheumatism},
  volume={63},
  number={1},
  pages={295--304},
  year={2011},
  publisher={Wiley Online Library}
}

@article{raghunath2014quantitative,
  title={Quantitative stratification of diffuse parenchymal lung diseases},
  author={Raghunath, Sushravya and Rajagopalan, Srinivasan and Karwoski, Ronald A and Maldonado, Fabien and Peikert, Tobias and Moua, Teng and Ryu, Jay H and Bartholmai, Brian J and Robb, Richard A},
  journal={PLoS One},
  volume={9},
  number={3},
  pages={e93229},
  year={2014},
  publisher={Public Library of Science}
}

@article{bartholmai2013quantitative,
  title={Quantitative CT imaging of interstitial lung diseases},
  author={Bartholmai, Brian J and Raghunath, Sushravya and Karwoski, Ronald A and Moua, Teng and Rajagopalan, Srinivasan and Maldonado, Fabien and Decker, Paul A and Robb, Richard A},
  journal={Journal of Thoracic Imaging},
  volume={28},
  number={5},
  year={2013},
  publisher={NIH Public Access}
}

@article{zavaletta2007high,
  title={High resolution multidetector CT-aided tissue analysis and quantification of lung fibrosis},
  author={Zavaletta, Vanessa A and Bartholmai, Brian J and Robb, Richard A},
  journal={Academic Radiology},
  volume={14},
  number={7},
  pages={772--787},
  year={2007},
  publisher={Elsevier}
}

@article{uppaluri1999interstitial,
  title={Interstitial lung disease: a quantitative study using the adaptive multiple feature method},
  author={Uppaluri, Renuka and Hoffman, Eric A and Sonka, Milan and Hunninghake, Gary W and McLennan, Geoffrey},
  journal={American Journal of Respiratory and Critical Care Medicine},
  volume={159},
  number={2},
  pages={519--525},
  year={1999},
  publisher={American Thoracic Society New York, NY}
}

@article{kazerooni1997thin,
  title={Thin-section CT obtained at 10-mm increments versus limited three-level thin-section CT for idiopathic pulmonary fibrosis: correlation with pathologic scoring.},
  author={Kazerooni, Ella A and Martinez, Fernando J and Flint, Andrew and Jamadar, David A and Gross, Barry H and Spizarny, David L and Cascade, Philip N and Whyte, Richard I and Lynch 3rd, JP and Toews, G},
  journal={AJR. American Journal of Roentgenology},
  volume={169},
  number={4},
  pages={977--983},
  year={1997},
  publisher={Am Roentgen Ray Soc}
}

@article{kauczor2000automatic,
  title={Automatic detection and quantification of ground-glass opacities on high-resolution CT using multiple neural networks: comparison with a density mask},
  author={Kauczor, Hans-Ulrich and Heitmann, Kjell and Heussel, Claus Peter and Marwede, Dirk and Uthmann, Thomas and Thelen, Manfred},
  journal={American Journal of Roentgenology},
  volume={175},
  number={5},
  pages={1329--1334},
  year={2000},
  publisher={Am Roentgen Ray Soc}
}

@article{coxson1997quantification,
  title={Quantification of idiopathic pulmonary fibrosis using computed tomography and histology.},
  author={Coxson, Harvey O and Hogg, James C and Mayo, John R and Behzad, Hayedeh and Whittall, Kenneth P and Schwartz, David A and Hartley, Patrick G and Galvin, Jeffrey R and Wilson, Jeffery S and Hunninghake, Gary W},
  journal={American Journal of Respiratory and Critical Care Medicine},
  volume={155},
  number={5},
  pages={1649--1656},
  year={1997},
  publisher={American Public Health Association}
}

@article{iwasawa2009assessment,
  title={Assessment of prognosis of patients with idiopathic pulmonary fibrosis by computer-aided analysis of CT images},
  author={Iwasawa, Tae and Asakura, Akira and Sakai, Fumikazu and Kanauchi, Tetu and Gotoh, Toshiyuki and Ogura, Takashi and Yazawa, Takuya and Nishimura, Junichi and Inoue, Tomio},
  journal={Journal of Thoracic Imaging},
  volume={24},
  number={3},
  pages={216--222},
  year={2009},
  publisher={LWW}
}

@article{best2003quantitative,
  title={Quantitative CT indexes in idiopathic pulmonary fibrosis: relationship with physiologic impairment},
  author={Best, Alan C and Lynch, Anne M and Bozic, Carmen M and Miller, David and Grunwald, Gary K and Lynch, David A},
  journal={Radiology},
  volume={228},
  number={2},
  pages={407--414},
  year={2003},
  publisher={Radiological Society of North America}
}

@article{best2008idiopathic,
  title={Idiopathic pulmonary fibrosis: physiologic tests, quantitative CT indexes, and CT visual scores as predictors of mortality},
  author={Best, Alan C and Meng, Jiangfeng and Lynch, Anne M and Bozic, Carmen M and Miller, David and Grunwald, Gary K and Lynch, David A},
  journal={Radiology},
  volume={246},
  number={3},
  pages={935--940},
  year={2008},
  publisher={Radiological Society of North America}
}

@article{nathan2007idiopathic,
  title={Idiopathic pulmonary fibrosis and pulmonary hypertension: connecting the dots},
  author={Nathan, Steven D and Noble, Paul W and Tuder, Rubin M},
  journal={American Journal of Respiratory and Critical Care Medicine},
  volume={175},
  number={9},
  pages={875--880},
  year={2007},
  publisher={American Thoracic Society}
}

@article{cottin2009syndrome,
  title={The syndrome of combined pulmonary fibrosis and emphysema},
  author={Cottin, Vincent and Cordier, Jean-Fran{\c{c}}ois},
  journal={Chest},
  volume={136},
  number={1},
  pages={1--2},
  year={2009},
  publisher={Elsevier}
}

@article{maldonado2013automated,
  title={Automated quantification of radiologic patterns predicts survival in idiopathic pulmonary fibrosis},
  author={Maldonado, Fabien and Moua, Teng and Rajagopalan, Srinivasan and Karwoski, Ronald A and Raghunath, Sushravya and Decker, Paul A and Hartman, Thomas E and Bartholmai, Brian J and Robb, Richard A and Ryu, Jay H},
  journal={European Respiratory Journal},
  pages={erj00718--2012},
  year={2013},
  publisher={Eur Respiratory Soc}
}

@article{graham20172017,
  title={2017 ERS/ATS standards for single-breath carbon monoxide uptake in the lung},
  author={Graham, Brian L and Brusasco, Vito and Burgos, Felip and Cooper, Brendan G and Jensen, Robert and Kendrick, Adrian and MacIntyre, Neil R and Thompson, Bruce R and Wanger, Jack},
  journal={European Respiratory Journal},
  volume={49},
  number={1},
  pages={1600016},
  year={2017},
  publisher={Eur Respiratory Soc}
}

@article{Turnerwarwick1963Precapillary,
  title={Precapillary Systemic-pulmonary Anastomoses},
  author={Turnerwarwick, M},
  journal={Thorax},
  volume={18},
  number={3},
  pages={225-237},
  year={1963},
}

@article{cosgrove2004pigment,
  title={Pigment epithelium--derived factor in idiopathic pulmonary fibrosis: a role in aberrant angiogenesis},
  author={Cosgrove, Gregory P and Brown, Kevin K and Schiemann, William P and Serls, Amanda E and Parr, Jane E and Geraci, Mark W and Schwarz, Marvin I and Cool, Carlyne D and Worthen, G Scott},
  journal={American Journal of Respiratory and Critical Care Medicine},
  volume={170},
  number={3},
  pages={242--251},
  year={2004},
  publisher={American Thoracic Society}
}

@article{Jacob2016Automated,
  title={Automated Quantitative Computed Tomography Versus Visual Computed Tomography Scoring in Idiopathic Pulmonary Fibrosis: Validation Against Pulmonary Function},
  author={Jacob, J and Bartholmai, B. J. and Rajagopalan, S and Kokosi, M and Nair, A and Karwoski, R and Raghunath, S. M. and Walsh, S. L. and Wells, A. U. and Hansell, D. M.},
  journal={Journal of Thoracic Imaging},
  volume={31},
  number={5},
  pages={1},
  year={2016},
}

@article{Jacob2016Mortality,
  title={Mortality prediction in IPF: evaluation of automated computer tomographic analysis with conventional severity measures},
  author={Jacob, J and Bartholmai, B. J. and Rajagopalan, S and Kokosi, M and Nair, A and Karwoski, R and Walsh, S. L. and Wells, A. U. and Hansell, D. M.},
  journal={European Respiratory Journal},
  volume={49},
  number={1},
  pages={ERJ-01011-2016},
  year={2016},
}

@article{Jacob2016Evaluation,
  title={Evaluation of computer-based computer tomography stratification against outcome models in connective tissue disease-related interstitial lung disease: a patient outcome study},
  author={Jacob, Joseph and Bartholmai, Brian J. and Rajagopalan, Srinivasan and Brun, Anne Laure and Egashira, Ryoko and Karwoski, Ronald and Kokosi, Maria and Wells, Athol U. and Hansell, David M.},
  journal={Bmc Medicine},
  volume={14},
  number={1},
  pages={190},
  year={2016},
}

@article{Wells1997Functional,
  title={Functional impairment in lone cryptogenic fibrosing alveolitis and fibrosing alveolitis associated with systemic sclerosis: a comparison.},
  author={Wells, A U and Hansell, D M and Rubens, M B and Cailes, J B and Black, C M and Bois, R M Du},
  journal={American Journal of Respiratory & Critical Care Medicine},
  volume={155},
  number={5},
  pages={1657},
  year={1997},
}

@article{Mccarthy1980Chronic,
  title={Chronic Obstructive Pulmonary Disease following Idiopathic Pulmonary Fibrosis},
  author={Mccarthy, D. S. and Ostrow, D. N. and Hershfield, E. S.},
  journal={Chest},
  volume={77},
  number={4},
  pages={473},
  year={1980},
}

@article{Schofield1976Small,
  title={Small airways in fibrosing alveolitis.},
  author={Schofield, N. C. and Davies, R. J. and Cameron, I. R. and Green, M},
  journal={Am Rev Respir Dis},
  volume={113},
  number={6},
  pages={729-735},
  year={1976},
}

@article{Fulmer1977Small,
  title={Small airways in idiopathic pulmonary fibrosis. Comparison of morphologic and physiologic observations.},
  author={Fulmer, J. D. and Roberts, W. C. and von Gal, E. R. and Grystal, R. G.},
  journal={Journal of Clinical Investigation},
  volume={60},
  number={3},
  pages={595},
  year={1977},
}

@article{Yernault1975Pulmonary,
  title={Pulmonary mechanics in diffuse fibrosing alveolitis.},
  author={Yernault, J. C. and De, Jonghe M and De, Coster A and Englert, M},
  journal={Bulletin de Physio-pathologie Respiratoire},
  volume={11},
  number={2},
  pages={231},
  year={1975},
}

@article{Renzoni2003Interstitial,
  title={Interstitial Vascularity in Fibrosing Alveolitis},
  author={Renzoni, Elisabetta A. and Walsh, David A. and Salmon, Michael and Wells, Athol U. and Sestini, Piersante and Nicholson, Andrew G. and Veeraraghavan, Srihari and Bishop, Anne E. and Romanska, Hanna M. and Pantelidis, Panagiotis},
  journal={American Journal of Respiratory & Critical Care Medicine},
  volume={167},
  number={3},
  pages={438},
  year={2003},
}

@article{Lappi1999Intraluminal,
  title={Intraluminal fibromyxoid lesions in bronchiolitis obliterans organizing pneumonia are highly capillarized},
  author={Lappi-Blanco, E and Kaarteenaho-Wiik, R and Soini, Y and Risteli, J and Pääkkö, P},
  journal={Human Pathology},
  volume={30},
  number={10},
  pages={1192-1196},
  year={1999},
}

@article{ebina2004heterogeneous,
  title={Heterogeneous increase in CD34-positive alveolar capillaries in idiopathic pulmonary fibrosis},
  author={Ebina, Masahito and Shimizukawa, Minoru and Shibata, Naoko and Kimura, Yuichiro and Suzuki, Takashi and Endo, Mareyuki and Sasano, Hironobu and Kondo, Takashi and Nukiwa, Toshihiro},
  journal={American Journal of Respiratory and Critical Care Medicine},
  volume={169},
  number={11},
  pages={1203--1208},
  year={2004},
  publisher={American Thoracic Society}
}

@article{Puxeddu2017Impact,
  title={Impact of pulmonary vascular volume on mortality in IPF: is it time to reconsider the role of vasculature in disease pathogenesis and progression?},
  author={Puxeddu, E and Cavalli, F and Pezzuto, G and Teodori, E and Rogliani, P},
  journal={European Respiratory Journal},
  volume={49},
  number={2},
  pages={1602524},
  year={2017},
}

@article{ostrow1973resistance,
 title={Resistance to airflow in patients with diffuse interstitial lung disease}, author={Ostrow, D and Cherniack, RM},
 journal={American Review of Respiratory Disease},
 volume={108},
 number={2},
 pages={205--210},
 year={1973},
 publisher={American Lung Association} 
}

@article{renzi1986breathing,
 title={Breathing pattern in sarcoidosis and idiopathic pulmonary fibrosis},
 author={Renzi, G and Milic-Emili, J and Grassino, AE},
 journal={Annals of the New York Academy of Sciences},
 volume={465},
 number={1},
 pages={482--490},
 year={1986},
 publisher={Wiley Online Library} 
}

@article{burdon1983pattern,
 title={Pattern of breathing during exercise in patients with interstitial lung disease.},
 author={Burdon, JG and Killian, KJ and Jones, NL},
 journal={Thorax},
 volume={38},
 number={10},
 pages={778--784},
 year={1983},
 publisher={BMJ Publishing Group Ltd} 
}

@article{savoy1981role,
 title={Role of vagal airway reflexes in control of ventilation in pulmonary fibrosis},
 author={Savoy, J and Dhingra, S and Anthonisen, NR},
 journal={Clinical Science},
 volume={61},
 number={6},
 pages={781--784},
 year={1981},
 publisher={Portland Press Limited} 
}

@article{van1981respiratory,
 title={Respiratory drive and ventilatory pattern during exercise in interstitial lung disease.},
 author={Van, A Meerhaeghe and Scano, Giorgio and Sergysels, Roger and Bran, M and De, A Coster},
 journal={Bulletin Europeen de Physiopathologie Respiratoire},
 volume={17},
 number={1},
 pages={15--26},
 year={1981} 
}

@article{bradley1976regulation,
 title={Regulation of breathing during exercise in normal subjects and in chronic lung disease},
 author={Bradley, GW and Crawford, R},
 journal={Clinical Science},
 volume={51},
 number={6},
 pages={575--582},
 year={1976},
 publisher={Portland Press Limited} 
}

@article{patton1972ventilatory,
 title={The ventilatory response to CO2 of patients with diffuse pulmonary infiltrations or fibrosis},
 author={Patton, JMS and Freedman, S},
 journal={Clinical Science},
 volume={43},
 number={1},
 pages={55--69},
 year={1972},
 publisher={Portland Press Limited} 
}

@article{lourencco1965regulation,
 title={The regulation of ventilation in diffuse pulmonary fibrosis},
 author={Louren{\c{c}}o, Ruy V and Turino, Gerard M and Davidson, Lindsay AG and Fishman, Alfred P},
 journal={The American Journal of Medicine},
 volume={38},
 number={2},
 pages={199--216},
 year={1965},
 publisher={Elsevier} 
}

@article{renzi1982pattern,
 title={The pattern of breathing in diffuse lung fibrosis.},
 author={Renzi, G and Milic-Emili, J and Grassino, AE},
 journal={Bulletin Europeen de Physiopathologie Respiratoire},
 volume={18},
 number={3},
 pages={461--472},
 year={1982} 
}

@article{kornbluth1980respiratory,
 title={Respiratory control in diffuse interstitial lung disease and diseases of the pulmonary vasculature.},
 author={Kornbluth, RS and Turino, GM},
 journal={Clinics in Chest Medicine},
 volume={1},
 number={1},
 pages={91--102},
 year={1980} 
}

@article{hanley1991impact,
 title={The impact of smoking on mechanical properties of the lungs in idiopathic pulmonary fibrosis and sarcoidosis.},
 author={Hanley, Michael E and King Jr, Talmadge E and Schwarz, Marvin I and Watters, Leslie C and Shen, Anthony S and Cherniack, Reuben M},
 journal={American Journal of Respiratory and Critical Care Medicine},
 volume={144},
 number={5},
 pages={1102--1106},
 year={1991} 
}

@article{walsh2015relationship,
 title={Relationship between fibroblastic foci profusion and high resolution CT morphology in fibrotic lung disease},
 author={Walsh, Simon LF and Wells, Athol U and Sverzellati, Nicola and Devaraj, Anand and von der Th{\"u}sen, Jan and Yousem, Samuel A and Colby, Thomas V and Nicholson, Andrew G and Hansell, David M},
 journal={BMC Medicine},
 volume={13},
 number={1},
 pages={241},
 year={2015},
 publisher={BioMed Central} 
}

@article{sumikawa2008computed,
 title={Computed tomography findings in pathological usual interstitial pneumonia: relationship to survival},
 author={Sumikawa, Hiromitsu and Johkoh, Takeshi and Colby, Thomas V and Ichikado, Kazuya and Suga, Moritaka and Taniguchi, Hiroyuki and Kondoh, Yasuhiro and Ogura, Takashi and Arakawa, Hiroaki and Fujimoto, Kiminori and others},
 journal={American Journal of Respiratory and Critical Care Medicine},
 volume={177},
 number={4},
 pages={433--439},
 year={2008},
 publisher={American Thoracic Society} 
}

@article{akira1993idiopathic,
 title={Idiopathic pulmonary fibrosis: progression of honeycombing at thin-section CT.},
 author={Akira, Masanori and Sakatani, M and Ueda, E},
 journal={Radiology},
 volume={189},
 number={3},
 pages={687--691},
 year={1993} 
}

@article{scadding1974diffuse,
 title={Diffuse pulmonary alveolar fibrosis},
 author={Scadding, John Guyett},
 journal={Thorax},
 volume={29},
 number={3},
 pages={271--281},
 year={1974},
 publisher={BMJ Publishing Group Ltd}
}

@article{bachofen1967lung,
  title={Lung tissue resistance in diffuse interstitial pulmonary fibrosis},
  author={Bachofen, H and Scherrer, M},
  journal={The Journal of Clinical Investigation},
  volume={46},
  number={1},
  pages={133--140},
  year={1967},
  publisher={Am Soc Clin Investig}
}

@article{mccarthy1973regional,
  title={Regional ventilation-perfusion and hypoxia in cryptogenic fibrosing alveolitis},
  author={McCarthy, D and Cherniack, RM},
  journal={American Review of Respiratory Disease},
  volume={107},
  number={2},
  pages={200--208},
  year={1973},
  publisher={American Lung Association}
}

@article{hamer1964cause,
  title={Cause of low arterial oxygen saturation in pulmonary fibrosis},
  author={Hamer, John},
  journal={Thorax},
  volume={19},
  number={6},
  pages={507},
  year={1964},
  publisher={BMJ Publishing Group}
}

@inproceedings{balcerzak1975secondary,
  title={Secondary polycythemia},
  author={Balcerzak, Stanley P and Bromberg, Philip A},
  booktitle={Seminars in hematology},
  volume={12},
  number={4},
  pages={353--382},
  year={1975},
  organization={Elsevier}
}

@article{livingstone1964diffuse,
  title={Diffuse interstitial pulmonary fibrosis: a clinical, radiological, and pathological study based on 45 patients},
  author={Livingstone, JL and Lewis, Jo Go and Reid, Lynne and Jefferson, KE},
  journal={QJM: An International Journal of Medicine},
  volume={33},
  number={1},
  pages={71--103},
  year={1964},
  publisher={Oxford University Press}
}

@article{wagner1976distribution,
  title={Distribution of ventilation-perfusion ratios in patients with interstitial lung disease},
  author={Wagner, PD and Dantzker, DR and Dueck, R and De Polo, JL and Wasserman, K and West, JB},
  journal={Chest},
  volume={69},
  number={2},
  pages={256--257},
  year={1976},
  publisher={Elsevier}
}

@article{finley1962cause,
  title={The cause of arterial hypoxemia at rest in patients with “alveolar-capillary block syndrome”},
  author={Finley, TN and Swenson, EW and Comroe, JH},
  journal={The Journal of Clinical Investigation},
  volume={41},
  number={3},
  pages={618--622},
  year={1962},
  publisher={Am Soc Clin Investig}
}

@article{austrian1951clinical,
  title={Clinical and physiologic features of some types of pulmonary diseases with impairment of alveolar-capillary diffusion: the syndrome of “alveolar-capillary block”},
  author={Austrian, Robert and McClement, John H and Renzetti Jr, Attilio D and Donald, Kenneth W and Riley, Richard L and Cournand, Andr{\'e}},
  journal={The American Journal of Medicine},
  volume={11},
  number={6},
  pages={667--685},
  year={1951},
  publisher={Elsevier}
}

@article{wasserman1975exercise,
  title={Exercise physiology in health and disease},
  author={Wasserman, Karlman and Whipp, Brian J},
  journal={American Review of Respiratory Disease},
  volume={112},
  number={2},
  pages={219--249},
  year={1975},
  publisher={American Lung Association}
}

@article{jones1966physiological,
  title={Physiological dead space and alveolar-arterial gas pressure differences during exercise.},
  author={Jones, NL and McHardy, GJ and Naimark, A and Campbell, EJ},
  journal={Clinical Science},
  volume={31},
  number={1},
  pages={19--29},
  year={1966}
}

@article{fulmer1976diffuse,
  title={Diffuse fibrotic lung disease: a correlative study},
  author={Fulmer, Jack D and Crystal, Ronald G and Roberts, William C},
  journal={Chest},
  volume={69},
  number={2},
  pages={263--265},
  year={1976},
  publisher={Elsevier}
}

@article{herbert1962pathophysiology,
  title={Pathophysiology of interstitial pulmonary fibrosis: report of 19 cases and follow-up with corticosteroids},
  author={HERBERT, FRANK A and Nahmias, Brigitte B and GAENSLER, EDWARD A and MacMAHON, H EDWARD},
  journal={Archives of Internal Medicine},
  volume={110},
  number={5},
  pages={628--648},
  year={1962},
  publisher={American Medical Association}
}

@article{holland1960physiologic,
  title={Physiologic dead space in the Hamman-Rich syndrome: Physiologic and clinical implications},
  author={Holland, Robert AB},
  journal={The American Journal of Medicine},
  volume={28},
  number={1},
  pages={61--68},
  year={1960},
  publisher={Elsevier}
}

@article{crystal1976idiopathic,
  title={Idiopathic pulmonary fibrosis: clinical, histologic, radiographic, physiologic, scintigraphic, cytologic, and biochemical aspects},
  author={Crystal, Ronald G and Fulmer, Jack D and Roberts, William C and Moss, Morton L and Line, Bruce R and Reynolds, Herbert Y},
  journal={Annals of Internal Medicine},
  volume={85},
  number={6},
  pages={769--788},
  year={1976},
  publisher={Am Coll Physicians}
}

@article{swigris2014assessing,
  title={Assessing exertional dyspnea in patients with idiopathic pulmonary fibrosis},
  author={Swigris, Jeffrey J and Streiner, David L and Brown, Kevin K and Belkin, Amanda and Green, Kathy E and Wamboldt, Frederick S and IPFnet Investigators and others},
  journal={Respiratory Medicine},
  volume={108},
  number={1},
  pages={181--188},
  year={2014},
  publisher={Elsevier}
}

@article{londner2014cross,
  title={Cross-sectional assessment of the relationships between dyspnea domains and lung function in diffuse parenchymal lung disease},
  author={Londner, C{\'e}cile and Al Dandachi, Ghanima and Plantier, Laurent and Gillet-Juvin, Karine and Chevalier-Bidaud, Brigitte and Mahut, Bruno and Israel-Biet, Dominique and Delclaux, Christophe},
  journal={Respiration},
  volume={87},
  number={2},
  pages={105--112},
  year={2014},
  publisher={Karger Publishers}
}

@article{hughes1991dlco,
  title={DLCO/Q and diffusion limitation at rest and on exercise in patients with interstitial fibrosis},
  author={Hughes, JMB and Lockwood, DNA and Jones, HA and Clark, RJ},
  journal={Respiration Physiology},
  volume={83},
  number={2},
  pages={155--166},
  year={1991},
  publisher={Elsevier}
}

@article{hempleman1991estimating,
  title={Estimating exercise DLO2 and diffusion limitation in patients with interstitial fibrosis},
  author={Hempleman, Steven C and Hughes, JMB},
  journal={Respiration Physiology},
  volume={83},
  number={2},
  pages={167--178},
  year={1991},
  publisher={Elsevier}
}

@article{nishiyama2007dyspnoea,
  title={Dyspnoea at 6-min walk test in idiopathic pulmonary fibrosis: comparison with COPD},
  author={Nishiyama, Osamu and Taniguchi, Hiroyuki and Kondoh, Yasuhiro and Kimura, Tomoki and Kato, Keisuke and Ogawa, Tomoya and Watanabe, Fumiko and Arizono, Shinichi},
  journal={Respiratory Medicine},
  volume={101},
  number={4},
  pages={833--838},
  year={2007},
  publisher={Elsevier}
}

@article{van2014pulmonary,
  title={Pulmonary vascular limitation to exercise and survival in idiopathic pulmonary fibrosis},
  author={van der Plas, Mart N and van Kan, Coen and Blumenthal, Judith and Jansen, Henk M and Wells, Athol U and Bresser, Paul},
  journal={Respirology},
  volume={19},
  number={2},
  pages={269--275},
  year={2014},
  publisher={Wiley Online Library}
}

@article{boutou2011exercise,
  title={Exercise capacity in idiopathic pulmonary fibrosis: the effect of pulmonary hypertension},
  author={Boutou, Afroditi K and Pitsiou, Georgia G and Trigonis, Ioannis and Papakosta, Despina and Kontou, Paschalina K and Chavouzis, Nikolaos and Nakou, Chrysanthi and Argyropoulou, Paraskevi and Wasserman, Karlman and Stanopoulos, Ioannis},
  journal={Respirology},
  volume={16},
  number={3},
  pages={451--458},
  year={2011},
  publisher={Wiley Online Library}
}

@article{raghu2015pulmonary,
  title={Pulmonary hypertension in idiopathic pulmonary fibrosis with mild-to-moderate restriction},
  author={Raghu, Ganesh and Nathan, Steven D and Behr, Juergen and Brown, Kevin K and Egan, James J and Kawut, Steven M and Flaherty, Kevin R and Martinez, Fernando J and Wells, Athol U and Shao, Lixin and others},
  journal={European Respiratory Journal},
  pages={ERJ--01537},
  year={2015},
  publisher={Eur Respiratory Soc}
}

@article{caminati2013pulmonary,
  title={Pulmonary hypertension in chronic interstitial lung diseases},
  author={Caminati, Antonella and Cassandro, Roberto and Harari, Sergio},
  journal={European Respiratory Review},
  volume={22},
  number={129},
  pages={292--301},
  year={2013},
  publisher={Eur Respiratory Soc}
}

@article{baier1981influence,
  title={Influence of lung inflation on the cross-sectional area of central airways in normals and in patients with lung disease},
  author={Baier, Horst and Zarzecki, Stephen and Wanner, Adam},
  journal={Respiration},
  volume={41},
  number={3},
  pages={145--154},
  year={1981},
  publisher={Karger Publishers}
}

@article{brand1999aerosol,
  title={Aerosol-derived airway morphometry and aerosol bolus dispersion in patients with lung fibrosis and lung emphysema},
  author={Brand, Peter and Kohlha, Martin and Meyer, Thomas and Selzer, Titus and Heyder, Joachim and Ha, Karl and others},
  journal={Chest},
  volume={116},
  number={2},
  pages={543--548},
  year={1999},
  publisher={Elsevier}
}

@article{quajer1993lung,
  title={Lung volumes and forced ventilatory flows. Report working party. Standardization of lung function test European Community for steel and oral official statement of the European Respiratory Society},
  author={Quajer, P and Tammeling, GJ and Cotes, JE and Pedersen, OF and Perlin, R and Yernault, JC},
  journal={Eur Respir J},
  volume={6},
  number={5},
  pages={40},
  year={1993}
}

@article{jones2011mechanical,
  title={Mechanical induction of cough in Idiopathic Pulmonary Fibrosis},
  author={Jones, Richard M and Hilldrup, Simon and Hope-Gill, Benjamin DM and Eccles, Ronald and Harrison, Nicholas K},
  journal={Cough},
  volume={7},
  number={1},
  pages={2},
  year={2011},
  publisher={BioMed Central}
}

@article{chilosi2002abnormal,
  title={Abnormal re-epithelialization and lung remodeling in idiopathic pulmonary fibrosis: the role of $\Delta$N-p63},
  author={Chilosi, Marco and Poletti, Venerino and Murer, Bruno and Lestani, Maurizio and Cancellieri, Alessandra and Montagna, Licia and Piccoli, Paola and Cangi, Giulia and Semenzato, Gianpietro and Doglioni, Claudio},
  journal={Laboratory Investigation},
  volume={82},
  number={10},
  pages={1335},
  year={2002},
  publisher={Nature Publishing Group}
}

@article{vuorinen2008peroxiredoxin,
  title={Peroxiredoxin II expression and its association with oxidative stress and cell proliferation in human idiopathic pulmonary fibrosis},
  author={Vuorinen, Kirsi and Ohlmeier, Steffen and Lepp{\"a}ranta, Outi and Salmenkivi, Kaisa and Myll{\"a}rniemi, Marjukka and Kinnula, Vuokko L},
  journal={Journal of Histochemistry \& Cytochemistry},
  volume={56},
  number={10},
  pages={951--959},
  year={2008},
  publisher={SAGE Publications Sage CA: Los Angeles, CA}
}

@article{nguyen2007idiopathic,
  title={Idiopathic pulmonary fibrosis and right-to left shunt by patent foramen ovale},
  author={Nguyen, S and Leroy, S and Bautin, N and Chevalon, B and Rey, C and Remy-Jardin, M and Wallaert, B and others},
  journal={Revue des Maladies Respiratoires},
  volume={24},
  number={5},
  pages={631--634},
  year={2007}
}

@article{graves2003scintigraphic,
  title={Scintigraphic diagnosis of a right to left shunt in end-stage lung disease},
  author={Graves, MW and Kiratli, PO and Mozley, D and Palevsky, H and Zukerberg, B and Alavi, A},
  journal={Respiratory Medicine},
  volume={97},
  number={5},
  pages={549--554},
  year={2003},
  publisher={Elsevier}
}

@article{miller1986anatomical,
  title={Anatomical lung shunting in pulmonary fibrosis.},
  author={Miller, WARREN C and Heard, JG and Unger, KM and Suich, DM},
  journal={Thorax},
  volume={41},
  number={3},
  pages={208--209},
  year={1986},
  publisher={BMJ Publishing Group Ltd}
}

@article{stringer1997cardiac,
  title={Cardiac output estimated noninvasively from oxygen uptake during exercise},
  author={Stringer, William W and Hansen, James E and Wasserman, K},
  journal={Journal of Applied Physiology},
  volume={82},
  number={3},
  pages={908--912},
  year={1997},
  publisher={American Physiological Society Bethesda, MD}
}

@article{blanco2010effects,
  title={Effects of inhaled nitric oxide at rest and during exercise in idiopathic pulmonary fibrosis},
  author={Blanco, Isabel and Ribas, Jes{\'u}s and Xaubet, Antoni and G{\'o}mez, Federico P and Roca, Josep and Rodriguez-Roisin, Robert and Barber{\`a}, Joan A},
  journal={Journal of Applied Physiology},
  volume={110},
  number={3},
  pages={638--645},
  year={2010},
  publisher={American Physiological Society Bethesda, MD}
}

@article{milioli2016sleep,
  title={Sleep and respiratory sleep disorders in idiopathic pulmonary fibrosis},
  author={Milioli, Giulia and Bosi, Marcello and Poletti, Venerino and Tomassetti, Sara and Grassi, Andrea and Riccardi, Silvia and Terzano, Mario Giovanni and Parrino, Liborio},
  journal={Sleep Medicine Reviews},
  volume={26},
  pages={57--63},
  year={2016},
  publisher={Elsevier}
}

@article{bennett2015mortality,
  title={Mortality on the waiting list for lung transplantation in patients with idiopathic pulmonary fibrosis: a single-centre experience},
  author={Bennett, David and Fossi, Antonella and Bargagli, Elena and Refini, Rosa Metella and Pieroni, Maria and Luzzi, Luca and Ghiribelli, Claudia and Paladini, Piero and Voltolini, Luca and Rottoli, Paola},
  journal={Lung},
  volume={193},
  number={5},
  pages={677--681},
  year={2015},
  publisher={Springer}
}

@article{poggio2010prediction,
  title={Prediction of severe cardiovascular events by VE/VCO2 slope versus peak VO2 in systolic heart failure: a meta-analysis of the published literature},
  author={Poggio, Rosana and Arazi, Hern{\'a}n Cohen and Giorgi, Mariano and Miriuka, Santiago G},
  journal={American Heart Journal},
  volume={160},
  number={6},
  pages={1004--1014},
  year={2010},
  publisher={Elsevier}
}

@article{paolillo2012exercise,
  title={Exercise testing in the clinical management of patients affected by pulmonary arterial hypertension},
  author={Paolillo, Stefania and Farina, Stefania and Bussotti, Maurizio and Iorio, Annamaria and Filardi, Pasquale Perrone and Piepoli, Massimo F and Agostoni, Piergiuseppe},
  journal={European Journal of Preventive Cardiology},
  volume={19},
  number={5},
  pages={960--971},
  year={2012},
  publisher={Sage Publications Sage UK: London, England}
}

@article{agusti1988different,
  title={Different patterns of gas exchange response to exercise in asbestosis and idiopathic pulmonary fibrosis},
  author={Agusti, AG and Roca, J and Rodriguez-Roisin, R and Xaubet, A and Agusti-Vidal, A},
  journal={European Respiratory Journal},
  volume={1},
  number={6},
  pages={510--516},
  year={1988},
  publisher={Eur Respiratory Soc}
}

@article{strickland1993cause,
  title={Cause of regional ventilation-perfusion mismatching in patients with idiopathic pulmonary fibrosis: a combined CT and scintigraphic study.},
  author={Strickland, NH and Hughes, JM and Hart, DA and Myers, MJ and Lavender, JP},
  journal={AJR. American Journal of Roentgenology},
  volume={161},
  number={4},
  pages={719--725},
  year={1993},
  publisher={Am Roentgen Ray Soc}
}

@article{plantier2016increased,
  title={Increased volume of conducting airways in idiopathic pulmonary fibrosis is independent of disease severity: a volumetric capnography study},
  author={Plantier, Laurent and Debray, Marie-Pierre and Estellat, Candice and Flamant, Martin and Roy, Carine and Bancal, Catherine and Borie, Rapha{\"e}l and Isra{\"e}l-Biet, Dominique and Mal, Herv{\'e} and Crestani, Bruno and others},
  journal={Journal of Breath Research},
  volume={10},
  number={1},
  pages={016005},
  year={2016},
  publisher={IOP Publishing}
}

@article{miki2009acidosis,
  title={Acidosis and raised norepinephrine levels are associated with exercise dyspnoea in idiopathic pulmonary fibrosis},
  author={Miki, Keisuke and Maekura, Ryoji and Hiraga, Toru and Hashimoto, Hisako and Kitada, Seigo and Miki, Mari and Yoshimura, Kenji and Tateishi, Yoshitaka and Fushitani, Kenji and Motone, Masaharu},
  journal={Respirology},
  volume={14},
  number={7},
  pages={1020--1026},
  year={2009},
  publisher={Wiley Online Library}
}

@article{agusti1991mechanisms,
  title={Mechanisms of gas-exchange impairment in idiopathic pulmonary fibrosis},
  author={Agust{\'\i}, Alvar GN and Roca, Josep and Gea, Joaquim and Wagner, Peter D and Xaubet, Antoni and Rodriguez-Roisin, Robert},
  journal={American Review of Respiratory Disease},
  volume={143},
  number={2},
  pages={219--225},
  year={1991},
  publisher={American Lung Association}
}

@article{hamada2007significance,
  title={Significance of pulmonary arterial pressure and diffusion capacity of the lung as prognosticator in patients with idiopathic pulmonary fibrosis},
  author={Hamada, Kunio and Nagai, Sonoko and Tanaka, Shigeru and Handa, Tomohiro and Shigematsu, Michio and Nagao, Taishi and Mishima, Michiaki and Kitaichi, Masanori and Izumi, Takateru},
  journal={Chest},
  volume={131},
  number={3},
  pages={650--656},
  year={2007},
  publisher={Elsevier}
}

@article{swigris2012ucsd,
  title={The UCSD shortness of breath questionnaire has longitudinal construct validity in idiopathic pulmonary fibrosis},
  author={Swigris, Jeffrey J and Han, Meilan and Vij, Rekha and Noth, Imre and Eisenstein, Eric L and Anstrom, Kevin J and Brown, Kevin K and Fairclough, Diane},
  journal={Respiratory Medicine},
  volume={106},
  number={10},
  pages={1447--1455},
  year={2012},
  publisher={Elsevier}
}

@article{agusti1994clinical,
  title={Clinical and functional assessment of patients with idiopathic pulmonary fibrosis: results of a 3 year follow-up},
  author={Agusti, C and Xaubet, A and Agusti, AG and Roca, J and Ramirez, J and Rodriguez-Roisin, R},
  journal={European Respiratory Journal},
  volume={7},
  number={4},
  pages={643--650},
  year={1994},
  publisher={Eur Respiratory Soc}
}

@article{frans1997effect,
  title={Effect of alveolar volume on the interpretation of single breath DLCO},
  author={Frans, Albert and Nemery, Benoit and Veriter, C and Lacquet, L and Francis, C},
  journal={Respiratory Medicine},
  volume={91},
  number={5},
  pages={263--273},
  year={1997},
  publisher={Elsevier}
}

@article{pastre2015different,
  title={Different K CO and VA combinations exist for the same DL CO value in patients with diffuse parenchymal lung diseases},
  author={Pastre, Jean and Plantier, Laurent and Planes, Carole and Borie, Rapha{\"e}l and Nunes, Hilario and Delclaux, Christophe and Isra{\"e}l-Biet, Dominique},
  journal={BMC Pulmonary Medicine},
  volume={15},
  number={1},
  pages={100},
  year={2015},
  publisher={BioMed Central}
}

@article{wallaert2012we,
  title={Do we need exercise tests to detect gas exchange impairment in fibrotic idiopathic interstitial pneumonias?},
  author={Wallaert, Benoit and Wemeau-Stervinou, Lidwine and Salleron, Julia and Tillie-Leblond, Isabelle and Perez, Thierry},
  journal={Pulmonary Medicine},
  volume={2012},
  year={2012},
  publisher={Hindawi}
}

@article{johnson2000importance,
  title={Importance of adjusting carbon monoxide diffusing capacity (DLCO) and carbon monoxide transfer coefficient (K CO) for alveolar volume},
  author={Johnson, DC},
  journal={Respiratory Medicine},
  volume={94},
  number={1},
  pages={28--37},
  year={2000},
  publisher={Elsevier}
}

@article{macintyre2005standardisation,
  title={Standardisation of the single-breath determination of carbon monoxide uptake in the lung},
  author={Macintyre, N and Crapo, RO and Viegi, G and Johnson, DC and Van Der Grinten, CPM and Brusasco, V and Burgos, F and Casaburi, R and Coates, A and Enright, P and others},
  journal={European Respiratory Journal},
  volume={26},
  number={4},
  pages={720--735},
  year={2005},
  publisher={Eur Respiratory Soc}
}

@article{rosenberg19961995,
  title={The 1995 update of recommendations for a standard technique for measuring the single-breath carbon monoxide diffusing capacity (transfer factor)},
  author={Rosenberg, E},
  journal={American Journal of Respiratory and Critical Care Medicine},
  volume={154},
  number={3},
  pages={827--828},
  year={1996},
  publisher={American Public Health Association}
}

@article{cortes2014idiopathic,
  title={Idiopathic pulmonary fibrosis: New insights to functional characteristics at diagnosis},
  author={Cortes-Telles, Arturo and Forkert, Lutz and O’Donnell, Denis E and Mor{\'a}n-Mendoza, Onofre},
  journal={Canadian Respiratory Journal},
  volume={21},
  number={3},
  pages={e55--e60},
  year={2014},
  publisher={Hindawi}
}

@article{mura2006presence,
  title={The presence of emphysema further impairs physiologic function in patients with idiopathic pulmonary fibrosis},
  author={Mura, Marco and Zompatori, Maurizio and Pacilli, Angela Maria Grazia and Fasano, Luca and Schiavina, Mario and Fabbri, Mario},
  journal={Respiratory Care},
  volume={51},
  number={3},
  pages={257--265},
  year={2006},
  publisher={Respiratory Care}
}

@article{doherty1997cryptogenic,
  title={Cryptogenic fibrosing alveolitis with preserved lung volumes.},
  author={Doherty, MJ and Pearson, MG and O'grady, EA and Pellegrini, V and Calverley, PM},
  journal={Thorax},
  volume={52},
  number={11},
  pages={998--1002},
  year={1997},
  publisher={BMJ Publishing Group Ltd}
}

@article{du2011ascertainment,
  title={Ascertainment of individual risk of mortality for patients with idiopathic pulmonary fibrosis},
  author={Du Bois, Roland M and Weycker, Derek and Albera, Carlo and Bradford, Williamson Z and Costabel, Ulrich and Kartashov, Alex and Lancaster, Lisa and Noble, Paul W and Raghu, Ganesh and Sahn, Steven A and others},
  journal={American Journal of Respiratory and Critical Care Medicine},
  volume={184},
  number={4},
  pages={459--466},
  year={2011},
  publisher={American Thoracic Society}
}

@article{richeldi2014efficacy,
  title={Efficacy and safety of nintedanib in idiopathic pulmonary fibrosis},
  author={Richeldi, Luca and Du Bois, Roland M and Raghu, Ganesh and Azuma, Arata and Brown, Kevin K and Costabel, Ulrich and Cottin, Vincent and Flaherty, Kevin R and Hansell, David M and Inoue, Yoshikazu and others},
  journal={New England Journal of Medicine},
  volume={370},
  number={22},
  pages={2071--2082},
  year={2014},
  publisher={Mass Medical Soc}
}

@article{cherniack1995correlation,
  title={Correlation of structure and function in idiopathic pulmonary fibrosis.},
  author={Cherniack, Reuben M and Colby, Thomas V and Flint, Andrew and Thurlbeck, William M and Waldron Jr, James A and Ackerson, Lynn and Schwarz, Marvin I and King Jr, Talmadge E},
  journal={American Journal of Respiratory and Critical Care Medicine},
  volume={151},
  number={4},
  pages={1180--1188},
  year={1995},
  publisher={American Public Health Association}
}

@article{jastrzkebski2008pulmonary,
  title={Pulmonary rehabilitation in patients with idiopathic pulmonary fibrosis with inspiratory muscle training},
  author={Jastrz{\k{e}}bski, Dariusz and Kozielski, Jerzy and {\.Z}ebrowska, Aleksandra},
  journal={Advances in Respiratory Medicine},
  volume={76},
  number={3},
  pages={131--141},
  year={2008}
}

@article{dimarco1983occlusion,
  title={Occlusion pressure and breathing pattern in patients with interstitial lung disease},
  author={DiMarco, Anthony F and Kelsen, Steven G and Cherniack, Neil S and Gothe, Barbara},
  journal={American Review of Respiratory Disease},
  volume={127},
  number={4},
  pages={425--430},
  year={1983},
  publisher={American Lung Association}
}

@article{martinez2006pulmonary,
  title={Pulmonary function testing in idiopathic interstitial pneumonias},
  author={Martinez, Fernando J and Flaherty, Kevin},
  journal={Proceedings of the American Thoracic Society},
  volume={3},
  number={4},
  pages={315--321},
  year={2006},
  publisher={American Thoracic Society}
}

@article{kanazawa1993assessment,
  title={Assessment of pulmonary aerosol deposition and epithelial permeability in 99mTc-DTPA inhalation scintigram},
  author={Kanazawa, Minoru and Suzuki, Yukio and Ishizaka, Akitoshi and Hasegawa, Naoki and Fujishima, Seitaro and Kawashiro, Takeo and Yokoyama, Tetsuro and Kubo, Atsushi and Hashimoto, Shohzo},
  journal={The Japanese Journal of Thoracic Diseases},
  volume={31},
  number={5},
  pages={593--600},
  year={1993},
  publisher={The Japanese Respiratory Society}
}

@article{organ2015structural,
  title={Structural and functional correlations in a large animal model of bleomycin-induced pulmonary fibrosis},
  author={Organ, Louise and Bacci, Barbara and Koumoundouros, Emmanuel and Barcham, Garry and Milne, Marjorie and Kimpton, Wayne and Samuel, Chrishan and Snibson, Ken},
  journal={BMC Pulmonary Medicine},
  volume={15},
  number={1},
  pages={81},
  year={2015},
  publisher={BioMed Central}
}

@article{van1989total,
  title={Total respiratory resistance and reactance in patients with diffuse interstitial lung disease},
  author={Van Noord, JA and Cl{\'e}ment, J and Cauberghs, M and Mertens, I and Van de Woestijne, KP and Demedts, M},
  journal={European Respiratory Journal},
  volume={2},
  number={9},
  pages={846--852},
  year={1989},
  publisher={Eur Respiratory Soc}
}

@article{lopes2007correlation,
  title={Correlation of tomographic findings with pulmonary function parameters in nonsmoking patients with idiopathic pulmonary fibrosis},
  author={Lopes, Agnaldo Jos{\'e} and Capone, Domenico and Mogami, Roberto and Cunha, Daniel Leme da and Melo, Pedro Lopes de and Jansen, Jos{\'e} Manoel},
  journal={Jornal Brasileiro de Pneumologia},
  volume={33},
  number={6},
  pages={671--678},
  year={2007},
  publisher={SciELO Brasil}
}

@article{faisal2016common,
  title={Common mechanisms of dyspnea in chronic interstitial and obstructive lung disorders},
  author={Faisal, Azmy and Alghamdi, Bader J and Ciavaglia, Casey E and Elbehairy, Amany F and Webb, Katherine A and Ora, Josuel and Neder, J Alberto and O’Donnell, Denis E},
  journal={American Journal of Respiratory and Critical Care Medicine},
  volume={193},
  number={3},
  pages={299--309},
  year={2016},
  publisher={American Thoracic Society}
}

@article{nava1999lung,
  title={Lung and chest wall mechanics in ventilated patients with end stage idiopathic pulmonary fibrosis},
  author={Nava, Stefano and Rubini, Fiorenzo},
  journal={Thorax},
  volume={54},
  number={5},
  pages={390--395},
  year={1999},
  publisher={BMJ Publishing Group Ltd}
}

@article{fulmer1979morphologic,
  title={Morphologic-physiologic correlates of the severity of fibrosis and degree of cellularity in idiopathic pulmonary fibrosis.},
  author={Fulmer, JD and Roberts, WC and von Gal, E Ra and Crystal, RG},
  journal={The Journal of Clinical Investigation},
  volume={63},
  number={4},
  pages={665--676},
  year={1979},
  publisher={Am Soc Clin Investig}
}

@article{orens1995sensitivity,
  title={The sensitivity of high-resolution CT in detecting idiopathic pulmonary fibrosis proved by open lung biopsy: a prospective study},
  author={Orens, Jonathan B and Kazerooni, Ella A and Martinez, Fernando J and Curtis, Jeffrey L and Gross, Barry H and Flint, Andrew and Lynch III, Joseph P},
  journal={Chest},
  volume={108},
  number={1},
  pages={109--115},
  year={1995},
  publisher={Elsevier}
}

@article{sansores1996correlation,
  title={Correlation between pulmonary fibrosis and the lung pressure-volume curve},
  author={Sansores, RH and Ramirez-Venegas, A and Perez-Padilla, R and Montano, M and Ramos, C and Becerril, C and Gaxiola, M and Pare, P and Selman, M},
  journal={Lung},
  volume={174},
  number={5},
  pages={315--323},
  year={1996},
  publisher={Springer}
}

@article{zielonka2010angiogenic,
  title={Angiogenic activity of sera from interstitial lung disease patients in relation to pulmonary function},
  author={Zielonka, TM and Demkow, U and Radzikowska, E and Bialas, B and Filewska, M and Zycinska, K and Obrowski, MH and Kowalski, J and Wardyn, KA and Skopinska-Rozewska, E},
  journal={European Journal of Medical Research},
  volume={15},
  number={2},
  pages={229},
  year={2010},
  publisher={BioMed Central}
}

@article{radwan1999functional,
  title={Functional disturbances in patients with interstitial lung diseases without signs of restriction},
  author={Radwan, L and Zielonka, TM and Maszczyk, Z and Meleniewska-Maciszewska, A and Hawry{\l}kiewicz, I},
  journal={Pneumonologia I Alergologia Polska},
  volume={67},
  number={5-6},
  pages={180--188},
  year={1999}
}

@article{campo2014large,
  title={A large kindred of pulmonary fibrosis associated with a novel ABCA3 gene variant},
  author={Campo, Ilaria and Zorzetto, Michele and Mariani, Francesca and Kadija, Zamir and Morbini, Patrizia and Dore, Roberto and Kaltenborn, Eva and Frixel, Sabrina and Zarbock, Ralf and Liebisch, Gerhard and others},
  journal={Respiratory Research},
  volume={15},
  number={1},
  pages={43},
  year={2014},
  publisher={BioMed Central}
}

@article{borie2012familial,
  title={Familial forms of nonspecific interstitial pneumonia/idiopathic pulmonary fibrosis: clinical course and genetic background},
  author={Borie, Raphael and Kannengiesser, Caroline and Crestani, Bruno},
  journal={Current Opinion in Pulmonary Medicine},
  volume={18},
  number={5},
  pages={455--461},
  year={2012},
  publisher={LWW}
}

@article{borie2016prevalence,
  title={Prevalence and characteristics of TERT and TERC mutations in suspected genetic pulmonary fibrosis},
  author={Borie, Raphael and Tab{\`e}ze, Laure and Thabut, Gabriel and Nunes, Hilario and Cottin, Vincent and Marchand-Adam, Sylvain and Prevot, Gr{\'e}goire and Tazi, Abdellatif and Cadranel, Jacques and Mal, Herve and others},
  journal={European Respiratory Journal},
  volume={48},
  number={6},
  pages={1721--1731},
  year={2016},
  publisher={Eur Respiratory Soc}
}

@article{spagnolo2016genetics,
  title={Genetics of idiopathic pulmonary fibrosis: from mechanistic pathways to personalised medicine},
  author={Spagnolo, Paolo and Cottin, Vincent},
  journal={Journal of Medical Genetics},
  pages={jmedgenet--2016},
  year={2016},
  publisher={BMJ Publishing Group Ltd}
}

@article{schmidt2002altered,
  title={Altered fatty acid composition of lung surfactant phospholipids in interstitial lung disease},
  author={Schmidt, R and Meier, U and Markart, P and Grimminger, F and Velcovsky, HG and Morr, H and Seeger, W and Gunther, A},
  journal={American Journal of Physiology-Lung Cellular and Molecular Physiology},
  volume={283},
  number={5},
  pages={L1079--L1085},
  year={2002},
  publisher={American Physiological Society Bethesda, MD}
}

@article{gunther1999surfactant,
  title={Surfactant abnormalities in idiopathic pulmonary fibrosis, hypersensitivity pneumonitis and sarcoidosis},
  author={Gunther, A and Schmidt, R and Nix, F and Yabut-Perez, M and Guth, C and Rosseau, S and Siebert, C and Grimminger, F and Morr, H and Velcovsky, HG and others},
  journal={European Respiratory Journal},
  volume={14},
  number={3},
  pages={565--573},
  year={1999},
  publisher={Eur Respiratory Soc}
}

@article{plantier2018physiology,
  title={Physiology of the lung in idiopathic pulmonary fibrosis},
  author={Plantier, Laurent and Cazes, Aur{\'e}lie and Dinh-Xuan, Anh-Tuan and Bancal, Catherine and Marchand-Adam, Sylvain and Crestani, Bruno},
  journal={European Respiratory Review},
  volume={27},
  number={147},
  pages={170062},
  year={2018},
  publisher={Eur Respiratory Soc}
}

@article{nadrous2005impact,
  title={The impact of pulmonary hypertension on survival in patients with idiopathic pulmonary fibrosis},
  author={Nadrous, Hassan F and Pellikka, Patricia A and Krowka, Michael J and Swanson, Karen L and others},
  journal={Chest},
  volume={128},
  number={6},
  pages={616S},
  year={2005},
  publisher={American College of Chest Physicians}
}

@article{cottin2010pulmonary,
  title={Pulmonary hypertension in patients with combined pulmonary fibrosis and emphysema syndrome},
  author={Cottin, Vincent and Le Pavec, J{\'e}rome and Pr{\'e}vot, Gr{\'e}goire and Mal, Herv{\'e} and Humbert, Marc and Simonneau, G{\'e}rald and Cordier, Jean-Fran{\c{c}}ois and others},
  journal={European Respiratory Journal},
  volume={35},
  number={1},
  pages={105--111},
  year={2010},
  publisher={Eur Respiratory Soc}
}

@article{silva2008idiopathic,
  title={Idiopathic pulmonary fibrosis and emphysema in smokers},
  author={Silva, Denise Rossato and Gazzana, Marcelo Basso and Barreto, S{\'e}rgio Saldanha Menna and Knorst, Marli Maria},
  journal={Jornal Brasileiro de Pneumologia},
  volume={34},
  number={10},
  pages={779--786},
  year={2008},
  publisher={SciELO Brasil}
}

@article{wells1997lone,
  title={Lone cryptogenic fibrosing alveolitis: a functional-morphologic correlation based on extent of disease on thin-section computed tomography.},
  author={Wells, Athol U and King, Ann D and Rubens, Michael B and Cramer, Derek and Du Bois, RM and Hansell, David M},
  journal={American Journal of Respiratory and Critical Care Medicine},
  volume={155},
  number={4},
  pages={1367--1375},
  year={1997},
  publisher={Am Thoracic Soc}
}

@article{karampitsakos2017lung,
  title={Lung cancer in patients with idiopathic pulmonary fibrosis},
  author={Karampitsakos, Theodoros and Tzilas, Vasilios and Tringidou, Rodoula and Steiropoulos, Paschalis and Aidinis, Vasilis and Papiris, Spyros A and Bouros, Demosthenes and Tzouvelekis, Argyris},
  journal={Pulmonary Pharmacology \& Therapeutics},
  volume={45},
  pages={1--10},
  year={2017},
  publisher={Elsevier}
}

@article{jacob2017functional,
  title={Functional and prognostic effects when emphysema complicates idiopathic pulmonary fibrosis},
  author={Jacob, Joseph and Bartholmai, Brian J and Rajagopalan, Srinivasan and Kokosi, Maria and Maher, Toby M and Nair, Arjun and Karwoski, Ronald and Renzoni, Elisabetta and Walsh, Simon LF and Hansell, David M and others},
  journal={European Respiratory Journal},
  volume={50},
  number={1},
  pages={1700379},
  year={2017},
  publisher={Eur Respiratory Soc}
}

@article{ryerson2013clinical,
  title={Clinical features and outcomes in combined pulmonary fibrosis and emphysema in idiopathic pulmonary fibrosis},
  author={Ryerson, Christopher J and Hartman, Thomas and Elicker, Brett M and Ley, Brett and Lee, Joyce S and Abbritti, Marta and Jones, Kirk D and King Jr, Talmadge E and Ryu, Jay and Collard, Harold R},
  journal={Chest},
  volume={144},
  number={1},
  pages={234--240},
  year={2013},
  publisher={Elsevier}
}

@article{cottin2017effect,
  title={Effect of emphysema extent on serial lung function in patients with idiopathic pulmonary fibrosis},
  author={Cottin, Vincent and Hansell, David M and Sverzellati, Nicola and Weycker, Derek and Antoniou, Katerina M and Atwood, Mark and Oster, Gerry and Kirchgaessler, Klaus-Uwe and Collard, Harold R and Wells, Athol U},
  journal={American Journal of Respiratory and Critical Care Medicine},
  volume={196},
  number={9},
  pages={1162--1171},
  year={2017},
  publisher={American Thoracic Society}
}

@article{schmidt2010pulmonary,
  title={Pulmonary function measures predict mortality differently in idiopathic pulmonary fibrosis versus combined pulmonary fibrosis and emphysema},
  author={Schmidt, Shelley L and Nambiar, Anoop M and Tayob, Nabihah and Sundaram, Baskaran and Han, Meilan K and Gross, Barry H and Kazerooni, Ella A and Chughtai, Aamer R and Lagstein, Amir and Myers, Jeffrey L and others},
  journal={European Respiratory Journal},
  pages={erj01140--2010},
  year={2010},
  publisher={Eur Respiratory Soc}
}

@article{cottin2005combined,
  title={Combined pulmonary fibrosis and emphysema: a distinct underrecognised entity},
  author={Cottin, V and Nunes, H and Brillet, PY and Delaval, P and Devouassoux, G and Tillie-Leblond, I and Israel-Biet, D and Valeyre, D and Cordier, JF and others},
  journal={European Respiratory Journal},
  volume={26},
  number={4},
  pages={586--593},
  year={2005},
  publisher={Eur Respiratory Soc}
}

@article{hayes2016influence,
  title={Influence of pulmonary hypertension on patients with idiopathic pulmonary fibrosis awaiting lung transplantation},
  author={Hayes Jr, Don and Black, Sylvester M and Tobias, Joseph D and Kirkby, Stephen and Mansour, Heidi M and Whitson, Bryan A},
  journal={The Annals of Thoracic Surgery},
  volume={101},
  number={1},
  pages={246--252},
  year={2016},
  publisher={Elsevier}
}

@article{harari2016epidemiology,
  title={Epidemiology of idiopathic pulmonary fibrosis in Northern Italy},
  author={Harari, Sergio and Madotto, Fabiana and Caminati, Antonella and Conti, Sara and Cesana, Giancarlo},
  journal={PLoS One},
  volume={11},
  number={2},
  pages={e0147072},
  year={2016},
  publisher={Public Library of Science}
}

@article{esposito2015idiopathic,
  title={Idiopathic pulmonary fibrosis in United States automated claims. Incidence, prevalence, and algorithm validation},
  author={Esposito, Daina B and Lanes, Stephan and Donneyong, Macarius and Holick, Crystal N and Lasky, Joseph A and Lederer, David and Nathan, Steven D and O’Quinn, Sean and Parker, Joseph and Tran, Trung N},
  journal={American Journal of Respiratory and Critical Care Medicine},
  volume={192},
  number={10},
  pages={1200--1207},
  year={2015},
  publisher={American Thoracic Society}
}

@article{baddini2015many,
  title={How many patients with idiopathic pulmonary fibrosis are there in Brazil?},
  author={Baddini-Martinez, Jos{\'e} and Pereira, Carlos Alberto},
  journal={Jornal Brasileiro de Pneumologia},
  volume={41},
  number={6},
  pages={560--561},
  year={2015},
  publisher={SciELO Brasil}
}

@article{kreuter2016impact,
  title={Impact of comorbidities on mortality in patients with idiopathic pulmonary fibrosis},
  author={Kreuter, Michael and Ehlers-Tenenbaum, Svenja and Palmowski, Karin and Bruhwyler, Jacques and Oltmanns, Ute and Muley, Thomas and Heussel, Claus Peter and Warth, Arne and Kolb, Martin and Herth, Felix JF},
  journal={PLoS One},
  volume={11},
  number={3},
  pages={e0151425},
  year={2016},
  publisher={Public Library of Science}
}

@article{raghu2015comorbidities,
  title={Comorbidities in idiopathic pulmonary fibrosis patients: a systematic literature review},
  author={Raghu, Ganesh and Amatto, Valeria C and Behr, J{\"u}rgen and Stowasser, Susanne},
  journal={European Respiratory Journal},
  volume={46},
  number={4},
  pages={1113--1130},
  year={2015},
  publisher={Eur Respiratory Soc}
}

@article{king2017idiopathic,
  title={Idiopathic pulmonary fibrosis: effects and optimal management of comorbidities},
  author={King, Christopher S and Nathan, Steven D},
  journal={The Lancet Respiratory Medicine},
  volume={5},
  number={1},
  pages={72--84},
  year={2017},
  publisher={Elsevier}
}

@article{wootton2011viral,
  title={Viral infection in acute exacerbation of idiopathic pulmonary fibrosis},
  author={Wootton, Sharon Chao and Kim, Dong Soon and Kondoh, Yasuhiro and Chen, Eunice and Lee, Joyce S and Song, Jin Woo and Huh, Jin Won and Taniguchi, Hiroyuki and Chiu, Charles and Boushey, Homer and others},
  journal={American Journal of Respiratory and Critical Care Medicine},
  volume={183},
  number={12},
  pages={1698--1702},
  year={2011},
  publisher={Am Thoracic Soc}
}

@article{gross1962concept,
  title={The concept of the Hamman-Rich syndrome: a critique},
  author={Gross, Paul},
  journal={American Review of Respiratory Disease},
  volume={85},
  number={6},
  pages={828--832},
  year={1962},
  publisher={Am Thoracic Soc}
}

@article{kondoh1993acute,
  title={Acute exacerbation in idiopathic pulmonary fibrosis: analysis of clinical and pathologic findings in three cases},
  author={Kondoh, Yasuhiro and Taniguchi, Hiroyuki and Kawabata, Yoshinori and Yokoi, Toyoharu and Suzuki, Kiyoshi and Takagi, Kenzo},
  journal={Chest},
  volume={103},
  number={6},
  pages={1808--1812},
  year={1993},
  publisher={Elsevier}
}

@article{ley2011clinical,
  title={Clinical course and prediction of survival in idiopathic pulmonary fibrosis},
  author={Ley, Brett and Collard, Harold R and King Jr, Talmadge E},
  journal={American Journal of Respiratory and Critical Care Medicine},
  volume={183},
  number={4},
  pages={431--440},
  year={2011},
  publisher={Am Thoracic Soc}
}

@article{kim2006classification,
  title={Classification and natural history of the idiopathic interstitial pneumonias},
  author={Kim, Dong Soon and Collard, Harold R and King Jr, Talmadge E},
  journal={Proceedings of the American Thoracic Society},
  volume={3},
  number={4},
  pages={285--292},
  year={2006},
  publisher={Am Thoracic Soc}
}

@article{ambrosini2003acute,
  title={Acute exacerbation of idiopathic pulmonary fibrosis: report of a series},
  author={Ambrosini, V and Cancellieri, A and Chilosi, M and Zompatori, M and Trisolini, R and Saragoni, L and Poletti, V},
  journal={European Respiratory Journal},
  volume={22},
  number={5},
  pages={821--826},
  year={2003},
  publisher={Eur Respiratory Soc}
}

@article{kondoh2010prognostic,
  title={Prognostic factors in rapidly progressive interstitial pneumonia},
  author={Kondoh, Yasuhiro and Taniguchi, Hiroyuki and Kataoka, Kensuke and Keisuke, KATO and Suzuki, Ryujiro and Ogura, Takashi and Johkoh, Takeshi and Yokoi, Toyoharu and Wells, Athol U and Kitaichi, Masanori},
  journal={Respirology},
  volume={15},
  number={2},
  pages={257--264},
  year={2010},
  publisher={Wiley Online Library}
}

@article{sakamoto2009acute,
  title={Acute exacerbation of idiopathic pulmonary fibrosis as the initial presentation of the disease},
  author={Sakamoto, K and Taniguchi, H and Kondoh, Y and Ono, K and Hasegawa, Y and Kitaichi, M},
  journal={European Respiratory Review},
  volume={18},
  number={112},
  pages={129--132},
  year={2009},
  publisher={Eur Respiratory Soc}
}

@article{parambil2005histopathologic,
  title={Histopathologic features and outcome of patients with acute exacerbation of idiopathic pulmonary fibrosis undergoing surgical lung biopsy},
  author={Parambil, Joseph G and Myers, Jeffrey L and Ryu, Jay H},
  journal={Chest},
  volume={128},
  number={5},
  pages={3310--3315},
  year={2005},
  publisher={Elsevier}
}

@article{kim2006acute,
  title={Acute exacerbation of idiopathic pulmonary fibrosis: frequency and clinical features},
  author={Kim, DS and Park, JH and Park, BK and Lee, JS and Nicholson, AG and Colby, T},
  journal={European Respiratory Journal},
  volume={27},
  number={1},
  pages={143--150},
  year={2006},
  publisher={Eur Respiratory Soc}
}

@article{azuma2005double,
  title={Double-blind, placebo-controlled trial of pirfenidone in patients with idiopathic pulmonary fibrosis},
  author={Azuma, Arata and Nukiwa, Toshihiro and Tsuboi, Eiyasu and Suga, Moritaka and Abe, Shosaku and Nakata, Koichiro and Taguchi, Yoshio and Nagai, Sonoko and Itoh, Harumi and Ohi, Motoharu and others},
  journal={American Journal of Respiratory and Critical Care Medicine},
  volume={171},
  number={9},
  pages={1040--1047},
  year={2005},
  publisher={American Thoracic Society}
}

@inproceedings{ryu2014idiopathic,
  title={Idiopathic pulmonary fibrosis: evolving concepts},
  author={Ryu, Jay H and Moua, Teng and Daniels, Craig E and Hartman, Thomas E and Eunhee, S Yi and Utz, James P and Limper, Andrew H},
  booktitle={Mayo Clinic proceedings},
  volume={89},
  number={8},
  pages={1130--1142},
  year={2014},
  organization={Elsevier}
}

@article{lettieri2006prevalence,
  title={Prevalence and outcomes of pulmonary arterial hypertension in advanced idiopathic pulmonary fibrosis},
  author={Lettieri, Christopher J and Nathan, Steven D and Barnett, Scott D and Ahmad, Shahzad and Shorr, Andrew F},
  journal={Chest},
  volume={129},
  number={3},
  pages={746--752},
  year={2006},
  publisher={Elsevier}
}

@article{wells2003idiopathic,
  title={Idiopathic pulmonary fibrosis: a composite physiologic index derived from disease extent observed by computed tomography},
  author={Wells, Athol U and Desai, Sujal R and Rubens, Michael B and Goh, Nicole SL and Cramer, Derek and Nicholson, Andrew G and Colby, Thomas V and Du Bois, Roland M and Hansell, David M},
  journal={American Journal of Respiratory and Critical Care Medicine},
  volume={167},
  number={7},
  pages={962--969},
  year={2003},
  publisher={American Thoracic Society}
}

@article{mejia2009idiopathic,
  title={Idiopathic pulmonary fibrosis and emphysema: decreased survival associated with severe pulmonary arterial hypertension},
  author={Mej{\'\i}a, Mayra and Carrillo, Guillermo and Rojas-Serrano, Jorge and Estrada, Andrea and Su{\'a}rez, Teresa and Alonso, Delfino and Barrientos, Emilio and Gaxiola, Miguel and Navarro, Carmen and Selman, Mois{\'e}s},
  journal={Chest},
  volume={136},
  number={1},
  pages={10--15},
  year={2009},
  publisher={Elsevier}
}

@article{selman2007accelerated,
  title={Accelerated variant of idiopathic pulmonary fibrosis: clinical behavior and gene expression pattern},
  author={Selman, Mois{\'e}s and Carrillo, Guillermo and Estrada, Andrea and Mejia, Mayra and Becerril, Carina and Cisneros, Jos{\'e} and Gaxiola, Miguel and P{\'e}rez-Padilla, Rogelio and Navarro, Carmen and Richards, Thomas and others},
  journal={PloS One},
  volume={2},
  number={5},
  pages={e482},
  year={2007},
  publisher={Public Library of Science}
}

@article{raghu1987idiopathic,
  title={Idiopathic pulmonary fibrosis: a rational clinical approach},
  author={Raghu, Ganesh},
  journal={Chest},
  volume={92},
  number={1},
  pages={148--154},
  year={1987},
  publisher={Elsevier}
}

@article{king2008build,
  title={BUILD-1: a randomized placebo-controlled trial of bosentan in idiopathic pulmonary fibrosis},
  author={King Jr, Talmadge E and Behr, Jurgen and Brown, Kevin K and Du Bois, Roland M and Lancaster, Lisa and De Andrade, Joao A and Stahler, Gerd and Leconte, Isabelle and Roux, S{\'e}bastien and Raghu, Ganesh},
  journal={American Journal of Respiratory and Critical Care Medicine},
  volume={177},
  number={1},
  pages={75--81},
  year={2008},
  publisher={American Thoracic Society}
}

@article{albera2009effect,
  title={Effect of interferon gamma-1b on survival in patients with idiopathic pulmonary fibrosis (INSPIRE): a multicentre, randomised, placebo-controlled trial},
  author={Albera, C and Bradford, WZ and Costabel, U and Hormel, P and Lancaster, L and others},
  journal={Lancet},
  volume={374},
  pages={222--228},
  year={2009}
}

@article{raghu2004placebo,
  title={A placebo-controlled trial of interferon gamma-1b in patients with idiopathic pulmonary fibrosis},
  author={Raghu, Ganesh and Brown, Kevin K and Bradford, Williamson Z and Starko, Karen and Noble, Paul W and Schwartz, David A and King Jr, Talmadge E},
  journal={New England Journal of Medicine},
  volume={350},
  number={2},
  pages={125--133},
  year={2004},
  publisher={Mass Medical Soc}
}

@article{king2001idiopathic,
  title={Idiopathic pulmonary fibrosis: relationship between histopathologic features and mortality},
  author={King Jr, TALMADGE E and Schwarz, Marvin I and Brown, Kevin and Tooze, Janet A and Colby, Thomas V and Waldron JR, James A and Flint, Andrew and Thurlbeck, William and Cherniack, Reuben M},
  journal={American Journal of Respiratory and Critical Care Medicine},
  volume={164},
  number={6},
  pages={1025--1032},
  year={2001a},
  publisher={American Thoracic Society New York, NY}
}

@article{rudd2007british,
  title={British Thoracic Society Study on cryptogenic fibrosing alveolitis: response to treatment and survival},
  author={Rudd, Robin M and Prescott, Robin J and Chalmers, JC and Johnston, Ian DA},
  journal={Thorax},
  volume={62},
  number={1},
  pages={62--66},
  year={2007},
  publisher={BMJ Publishing Group Ltd}
}

@article{nicholson2000prognostic,
  title={The prognostic significance of the histologic pattern of interstitial pneumonia in patients presenting with the clinical entity of cryptogenic fibrosing alveolitis},
  author={Nicholson, Andrew G and Colby, Thomas V and Dubois, Roland M and Hansell, David M and Wells, Athol U},
  journal={American Journal of Respiratory and Critical Care Medicine},
  volume={162},
  number={6},
  pages={2213--2217},
  year={2000},
  publisher={American Thoracic Society New York, NY}
}

@article{flaherty2002clinical,
  title={Clinical significance of histological classification of idiopathic interstitial pneumonia},
  author={Flaherty, KR and Toews, GB and Travis, WD and Colby, TV and Kazerooni, EA and Gross, BH and Jain, A and Strawderman, RL and Paine, R and Flint, A and others},
  journal={European Respiratory Journal},
  volume={19},
  number={2},
  pages={275--283},
  year={2002},
  publisher={Eur Respiratory Soc}
}

@article{bjoraker1998prognostic,
  title={Prognostic significance of histopathologic subsets in idiopathic pulmonary fibrosis},
  author={Bjoraker, Julie A and Ryu, Jay H and Edwin, Mark K and Myers, Jeffrey L and Tazelaar, Henry D and Schroeder, Darrell R and Offord, Kenneth P},
  journal={American Journal of Respiratory and Critical Care Medicine},
  volume={157},
  number={1},
  pages={199--203},
  year={1998},
  publisher={American Thoracic Society New York, NY}
}

@article{gross2001idiopathic,
  title={Idiopathic pulmonary fibrosis},
  author={Gross, Thomas J and Hunninghake, Gary W},
  journal={New England Journal of Medicine},
  volume={345},
  number={7},
  pages={517--525},
  year={2001},
  publisher={Mass Medical Soc}
}

@article{tukiainen1983prognosis,
  title={Prognosis of cryptogenic fibrosing alveolitis.},
  author={Tukiainen, P and Taskinen, E and Holsti, P and Korhola, O and Valle, M},
  journal={Thorax},
  volume={38},
  number={5},
  pages={349--355},
  year={1983},
  publisher={BMJ Publishing Group Ltd}
}

@article{carrington1978natural,
  title={Natural history and treated course of usual and desquamative interstitial pneumonia},
  author={Carrington, Charles B and Gaensler, Edward A and Coutu, Ronald E and FitzGerald, Muiris X and Gupta, Raj G},
  journal={New England Journal of Medicine},
  volume={298},
  number={15},
  pages={801--809},
  year={1978},
  publisher={Mass Medical Soc}
}

@article{travis2002american,
  title={American Thoracic Society/European Respiratory Society international multidisciplinary consensus classification of the idiopathic interstitial pneumonias},
  author={Travis, William D and King, Talmadge E and Bateman, Eric D and Lynch, David A and Capron, Fr{\'e}drique and Center, David and Colby, Thomas V and Cordier, Jean Fran{\c{c}}ois and DuBois, Roland M and Galvin, Jeffrey and others},
  journal={American Journal of Respiratory and Critical Care Medicine},
  volume={165},
  number={2},
  pages={277--304},
  year={2002},
  publisher={American Thoracic Society}
}

@article{american2000idiopathic,
  title={Idiopathic pulmonary fibrosis: diagnosis and treatment: international consensus statement},
  author={American Thoracic Society and others},
  journal={Am J Respir Crit Care Med},
  volume={161},
  pages={646--664},
  year={2000}
}

@article{souza2006idiopathic,
  title={Idiopathic interstitial pneumonias: prevalence of mediastinal lymph node enlargement in 206 patients},
  author={Souza, Carolina Althoff and Müller, Nestor L and Lee, Kyung Soo and Johkoh, Takeshi and Mitsuhiro, Hiromitsu and Chong, Semin},
  journal={American Journal of Roentgenology},
  volume={186},
  number={4},
  pages={995--999},
  year={2006},
  publisher={Am Roentgen Ray Soc}
}

@article{mathieson1989chronic,
  title={Chronic diffuse infiltrative lung disease: comparison of diagnostic accuracy of CT and chest radiography.},
  author={Mathieson, JR and Mayo, JR and Staples, CA and M{\"u}ller, NL},
  journal={Radiology},
  volume={171},
  number={1},
  pages={111--116},
  year={1989}
}

@article{hwang2009computed,
  title={Computed tomographic features of idiopathic fibrosing interstitial pneumonia: comparison with pulmonary fibrosis related to collagen vascular disease},
  author={Hwang, Jeong-Hwa and Misumi, Shigeki and Sahin, Hakan and Brown, Kevin K and Newell, John D and Lynch, David A},
  journal={Journal of Computer Assisted Tomography},
  volume={33},
  number={3},
  pages={410--415},
  year={2009},
  publisher={LWW}
}

@article{hansell2008fleischner,
  title={Fleischner Society: glossary of terms for thoracic imaging},
  author={Hansell, David M and Bankier, Alexander A and MacMahon, Heber and McLoud, Theresa C and Muller, Nestor L and Remy, Jacques},
  journal={Radiology},
  volume={246},
  number={3},
  pages={697--722},
  year={2008},
  publisher={Radiological Society of North America}
}

@article{johkoh1999idiopathic,
  title={Idiopathic interstitial pneumonias: diagnostic accuracy of thin-section CT in 129 patients},
  author={Johkoh, Takeshi and Müller, Nestor L and Cartier, Yannick and Kavanagh, Peter V and Hartman, Thomas E and Akira, Masanori and Ichikado, Kazuya and Ando, Masayuki and Nakamura, Hironobu},
  journal={Radiology},
  volume={211},
  number={2},
  pages={555--560},
  year={1999},
  publisher={Radiological Society of North America}
}

@article{nishimura1992usual,
  title={Usual interstitial pneumonia: histologic correlation with high-resolution CT.},
  author={Nishimura, Koichi and Kitaichi, M and Izumi, T and Nagai, S and Kanaoka, M and Itoh, H},
  journal={Radiology},
  volume={182},
  number={2},
  pages={337--342},
  year={1992}
}

@article{douglas2000idiopathic,
  title={Idiopathic pulmonary fibrosis: impact of oxygen and colchicine, prednisone, or no therapy on survival},
  author={Douglas, William W and Ryu, Jay H and Schroeder, Darrell R},
  journal={American Journal of Respiratory and Critical Care Medicine},
  volume={161},
  number={4},
  pages={1172--1178},
  year={2000},
  publisher={Am Thoracic Soc}
}

@article{king2001predicting,
  title={Predicting survival in idiopathic pulmonary fibrosis: scoring system and survival model},
  author={King Jr, Talmadge E and Tooze, Janet A and Schwarz, Marvin I and Brown, Kevin R and Cherniack, Reuben M},
  journal={American Journal of Respiratory and Critical Care Medicine},
  volume={164},
  number={7},
  pages={1171--1181},
  year={2001b},
  publisher={Am Thoracic Soc}
}

@article{flaherty2001histopathologic,
  title={Histopathologic variability in usual and nonspecific interstitial pneumonias},
  author={Flaherty, Kevin R and Travis, William D and Colby, Thomas V and Toews, Galen B and Kazerooni, Ella A and Gross, Barry H and Jain, Arvind and Strawderman I, Robert L and Flint, Andrew and Lynch III, JOSEPH P and others},
  journal={American Journal of Respiratory and Critical Care Medicine},
  volume={164},
  number={9},
  pages={1722--1727},
  year={2001},
  publisher={Am Thoracic Soc}
}

@article{monaghan2004prognostic,
  title={Prognostic implications of histologic patterns in multiple surgical lung biopsies from patients with idiopathic interstitial pneumonias},
  author={Monaghan, Hannah and Wells, Athol U and Colby, Thomas V and Du Bois, Roland M and Hansell, David M and Nicholson, Andrew G},
  journal={Chest},
  volume={125},
  number={2},
  pages={522--526},
  year={2004},
  publisher={Elsevier}
}

@article{silva2008chronic,
  title={Chronic hypersensitivity pneumonitis: differentiation from idiopathic pulmonary fibrosis and nonspecific interstitial pneumonia by using thin-section CT},
  author={Silva, C Isabela S and Muller, Nestor L and Lynch, David A and Curran-Everett, Douglas and Brown, Kevin K and Lee, Kyung Soo and Chung, Man Pyo and Churg, Andrew},
  journal={Radiology},
  volume={246},
  number={1},
  pages={288--297},
  year={2008},
  publisher={Radiological Society of North America}
}

@article{trahan2008role,
  title={Role of Surgical Lung Biopsy in Separating Chronic Hypersensitivity Pneumonia From Usual Interstitial Pneumonia/Idiopathic Pulmonary Fibrosis*: Analysis of 31 Biopsies From 15 Patients},
  author={Trahan, Syvain and Hanak, Viktor and Ryu, Jay H and Myers, Jeffrey L},
  journal={Chest},
  volume={134},
  number={1},
  pages={126--132},
  year={2008},
  publisher={Elsevier}
}

@inproceedings{lynch2006usual,
  title={Usual interstitial pneumonia},
  author={Lynch, Joseph P and Saggar, Rajan and Weigt, S Sam and Zisman, David A and White, Eric S},
  booktitle={Seminars in respiratory and critical care medicine},
  volume={27},
  number={06},
  pages={634--651},
  year={2006},
  organization={Copyright{\copyright} 2006 by Thieme Medical Publishers, Inc., 333 Seventh Avenue, New York, NY 10001, USA.}
}

@article{flaherty2004idiopathic,
  title={Idiopathic interstitial pneumonia: what is the effect of a multidisciplinary approach to diagnosis?},
  author={Flaherty, Kevin R and King Jr, Talmadge E and Raghu, Ganesh and Lynch III, Joseph P and Colby, Thomas V and Travis, William D and Gross, Barry H and Kazerooni, Ella A and Toews, Galen B and Long, Qi and others},
  journal={American Journal of Respiratory and Critical Care Medicine},
  volume={170},
  number={8},
  pages={904--910},
  year={2004},
  publisher={Am Thoracic Soc}
}

@article{quadrelli2010radiological,
  title={Radiological versus histopathological diagnosis of usual interstitial pneumonia in the clinical practice: does it have any survival difference?},
  author={Quadrelli, Silvia and Molinari, Luciana and Ciallella, Lorena and Spina, Juan Carlos and Sobrino, Edgardo and Chertcoff, Julio},
  journal={Respiration},
  volume={79},
  number={1},
  pages={32--37},
  year={2010},
  publisher={Karger Publishers}
}

@article{flaherty2003radiological,
  title={Radiological versus histological diagnosis in UIP and NSIP: survival implications},
  author={Flaherty, KR and Thwaite, EL and Kazerooni, EA and Gross, BH and Toews, GB and Colby, Thomas V and Travis, WD and Mumford, JA and Murray, S and Flint, A and others},
  journal={Thorax},
  volume={58},
  number={2},
  pages={143--148},
  year={2003},
  publisher={BMJ Publishing Group Ltd}
}

@article{raghu1999accuracy,
  title={The accuracy of the clinical diagnosis of new-onset idiopathic pulmonary fibrosis and other interstitial lung disease: a prospective study},
  author={Raghu, Ganesh and Mageto, Yolanda N and Lockhart, Diane and Schmidt, Rodney A and Wood, Douglas E and Godwin, J David},
  journal={Chest},
  volume={116},
  number={5},
  pages={1168--1174},
  year={1999},
  publisher={Elsevier}
}

@article{hunninghake2001utility,
  title={Utility of a lung biopsy for the diagnosis of idiopathic pulmonary fibrosis},
  author={Hunninghake, Gary W and Zimmerman, M Bridget and Schwartz, David A and KING JR, TALMADGE E and Lynch, Joseph and Hegele, Richard and Waldron, James and Colby, Thomas and Muller, Nestor and Lynch, David and others},
  journal={American Journal of Respiratory and Critical Care Medicine},
  volume={164},
  number={2},
  pages={193--196},
  year={2001},
  publisher={Am Thoracic Soc}
}

@article{musk1986genetic,
  title={Genetic studies in familial fibrosing alveolitis: possible linkage with immunoglobulin allotypes (Gm)},
  author={Musk, AW and Zilko, PJ and Manners, P and Kay, PH and Kamboh, MI},
  journal={Chest},
  volume={89},
  number={2},
  pages={206--210},
  year={1986},
  publisher={Elsevier}
}

@article{lee2005familial,
  title={Familial idiopathic pulmonary fibrosis: clinical features and outcome},
  author={Lee, Hong-Lyeol and Ryu, Jay H and Wittmer, Michael H and Hartman, Thomas E and Lymp, James F and Tazelaar, Henry D and Limper, Andrew H},
  journal={Chest},
  volume={127},
  number={6},
  pages={2034--2041},
  year={2005},
  publisher={Elsevier}
}

@article{allam2006idiopathic,
  title={Idiopathic pulmonary fibrosis: is it a familial disease?},
  author={Allam, J Shirine and Limper, Andrew H},
  journal={Current Opinion in Pulmonary Medicine},
  volume={12},
  number={5},
  pages={312--317},
  year={2006},
  publisher={LWW}
}

@article{steele2005clinical,
  title={Clinical and pathologic features of familial interstitial pneumonia},
  author={Steele, Mark P and Speer, Marcy C and Loyd, James E and Brown, Kevin K and Herron, Aretha and Slifer, Susan H and Burch, Lauranell H and Wahidi, Momen M and Phillips III, John A and Sporn, Thomas A and others},
  journal={American Journal of Respiratory and Critical Care Medicine},
  volume={172},
  number={9},
  pages={1146--1152},
  year={2005},
  publisher={Am Thoracic Soc}
}

@article{seibold2011common,
  title={A common MUC5B promoter polymorphism and pulmonary fibrosis},
  author={Seibold, Max A and Wise, Anastasia L and Speer, Marcy C and Steele, Mark P and Brown, Kevin K and Loyd, James E and Fingerlin, Tasha E and Zhang, Weiming and Gudmundsson, Gunnar and Groshong, Steve D and others},
  journal={New England Journal of Medicine},
  volume={364},
  number={16},
  pages={1503--1512},
  year={2011},
  publisher={Mass Medical Soc}
}

@article{alder2008short,
  title={Short telomeres are a risk factor for idiopathic pulmonary fibrosis},
  author={Alder, Jonathan K and Chen, Julian J-L and Lancaster, Lisa and Danoff, Sonye and Su, Shu-chih and Cogan, Joy D and Vulto, Irma and Xie, Mingyi and Qi, Xiaodong and Tuder, Rubin M and others},
  journal={Proceedings of the National Academy of Sciences},
  volume={105},
  number={35},
  pages={13051--13056},
  year={2008},
  publisher={National Acad Sciences}
}

@article{baumgartner1997cigarette,
  title={Cigarette smoking: a risk factor for idiopathic pulmonary fibrosis.},
  author={Baumgartner, Kathy B and Samet, Jonathan M and Stidley, Christine A and Colby, Thomas V and Waldron, James A},
  journal={American Journal of Respiratory and Critical Care Medicine},
  volume={155},
  number={1},
  pages={242--248},
  year={1997},
  publisher={Am Thoracic Soc}
}

@article{taskar2006idiopathic,
  title={Is idiopathic pulmonary fibrosis an environmental disease?},
  author={Taskar, Varsha S and Coultas, David B},
  journal={Proceedings of the American Thoracic Society},
  volume={3},
  number={4},
  pages={293--298},
  year={2006},
  publisher={Am Thoracic Soc}
}

@article{pu2009pulmonary,
  title={Pulmonary lobe segmentation in CT examinations using implicit surface fitting},
  author={Pu, Jiantao and Zheng, Bin and Leader, Joseph K and Fuhrman, Carl and Knollmann, Friedrich and Klym, Amy and Gur, David},
  journal={IEEE Transactions on Medical Imaging},
  volume={28},
  number={12},
  pages={1986--1996},
  year={2009},
  publisher={IEEE}
}

@phdthesis{zhang2013development,
  title={Development of an automated system for building a large population-based statistical model of femur morphology},
  author={Zhang, Ju},
  year={2013},
  school={ResearchSpace@ Auckland}
}

@article{ecabert2008automatic,
  title={Automatic model-based segmentation of the heart in CT images},
  author={Ecabert, Olivier and Peters, Jochen and Schramm, Hauke and Lorenz, Cristian and von Berg, Jens and Walker, Matthew J and Vembar, Mani and Olszewski, Mark E and Subramanyan, Krishna and Lavi, Guy and others},
  journal={IEEE Transactions on Medical Imaging},
  volume={27},
  number={9},
  pages={1189--1201},
  year={2008},
  publisher={IEEE}
}

@article{okada2008automated,
  title={Automated segmentation of the liver from 3D CT images using probabilistic atlas and multilevel statistical shape model},
  author={Okada, Toshiyuki and Shimada, Ryuji and Hori, Masatoshi and Nakamoto, Masahiko and Chen, Yen-Wei and Nakamura, Hironobu and Sato, Yoshinobu},
  journal={Academic Radiology},
  volume={15},
  number={11},
  pages={1390--1403},
  year={2008},
  publisher={Elsevier}
}

@article{tsai2003shape,
  title={A shape-based approach to the segmentation of medical imagery using level sets},
  author={Tsai, Andy and Yezzi, Anthony and Wells, William and Tempany, Clare and Tucker, Dewey and Fan, Ayres and Grimson, W Eric and Willsky, Alan},
  journal={IEEE Transactions on Medical Imaging},
  volume={22},
  number={2},
  pages={137--154},
  year={2003},
  publisher={IEEE}
}

@article{kelemen1999elastic,
  title={Elastic model-based segmentation of 3-D neuroradiological data sets},
  author={Kelemen, Andr{\'a}s and Sz{\'e}kely, G{\'a}bor and Gerig, Guido},
  journal={IEEE Transactions on Medical Imaging},
  volume={18},
  number={10},
  pages={828--839},
  year={1999},
  publisher={IEEE}
}

@article{taylor1995medical,
  title={Medical image segmentation using active shape models},
  author={Taylor, C and Cootes, TF and Hill, A and Haslam, J},
  journal={Studies in Health Technology and Informatics},
  volume={19},
  pages={121--144},
  year={1995},
  publisher={IOS PRESS}
}

@article{heimann2009statistical,
  title={Statistical shape models for 3D medical image segmentation: a review},
  author={Heimann, Tobias and Meinzer, Hans-Peter},
  journal={Medical Image Analysis},
  volume={13},
  number={4},
  pages={543--563},
  year={2009},
  publisher={Elsevier}
}

@article{styner2003statistical,
  title={Statistical shape analysis of neuroanatomical structures based on medial models},
  author={Styner, Martin and Gerig, Guido and Lieberman, J and Jones, D and Weinberger, D},
  journal={Medical Image Analysis},
  volume={7},
  number={3},
  pages={207--220},
  year={2003},
  publisher={Elsevier}
}

@article{stegmann2002brief,
  title={A brief introduction to statistical shape analysis},
  author={Stegmann, Mikkel B and Gomez, David Delgado},
  journal={Informatics and Mathematical Modelling, Technical University of Denmark, DTU},
  volume={15},
  number={11},
  year={2002}
}

@article{raghu2006incidence,
  title={Incidence and prevalence of idiopathic pulmonary fibrosis},
  author={Raghu, Ganesh and Weycker, Derek and Edelsberg, John and Bradford, Williamson Z and Oster, Gerry},
  journal={American Journal of Respiratory and Critical Care Medicine},
  volume={174},
  number={7},
  pages={810--816},
  year={2006},
  publisher={Am Thoracic Soc}
}

@article{hyldgaard2014cohort,
  title={A cohort study of interstitial lung diseases in central Denmark},
  author={Hyldgaard, Charlotte and Hilberg, Ole and Muller, Audrey and Bendstrup, Elisabeth},
  journal={Respiratory Medicine},
  volume={108},
  number={5},
  pages={793--799},
  year={2014},
  publisher={Elsevier}
}

@article{corte2015idiopathic,
  title={Idiopathic interstitial pneumonias in 2015: A new era},
  author={Corte, Tamera J and Collard, Harold and Wells, Athol U},
  journal={Respirology},
  volume={20},
  number={5},
  pages={697--698},
  year={2015},
  publisher={Wiley Online Library}
}

@article{katzenstein1998idiopathic,
  title={Idiopathic pulmonary fibrosis: clinical relevance of pathologic classification},
  author={Katzenstein, Anna-Luise A and Myers, Jeffrey L},
  journal={American Journal of Respiratory and Critical Care Medicine},
  volume={157},
  number={4},
  pages={1301--1315},
  year={1998},
  publisher={Am Thoracic Soc}
}

@article{troy2012management,
  title={Management of the idiopathic interstitial pneumonias},
  author={Troy, Lauren and Corte, Tamera Jo},
  journal={Australian Prescriber},
  volume={35},
  number={6},
  pages={202--6},
  year={2012},
  publisher={NPS MedicineWise}
}

@article{ahluwalia2014new,
  title={New therapeutic targets in idiopathic pulmonary fibrosis. Aiming to rein in runaway wound-healing responses},
  author={Ahluwalia, Neil and Shea, Barry S and Tager, Andrew M},
  journal={American Journal of Respiratory and Critical Care Medicine},
  volume={190},
  number={8},
  pages={867--878},
  year={2014},
  publisher={Am Thoracic Soc}
}

@article{martinez2017idiopathic,
  title={Idiopathic pulmonary fibrosis},
  author={Martinez, Fernando J and Collard, Harold R and Pardo, Annie and Raghu, Ganesh and Richeldi, Luca and Selman, Moises and Swigris, Jeffrey J and Taniguchi, Hiroyuki and Wells, Athol U},
  journal={Nature Reviews Disease Primers},
  volume={3},
  pages={17074},
  year={2017},
  publisher={Nature Publishing Group}
}

@article{kim2015natural,
  title={Natural history of idiopathic pulmonary fibrosis},
  author={Kim, Hyun Joo and Perlman, David and Tomic, Rade},
  journal={Respiratory Medicine},
  volume={109},
  number={6},
  pages={661--670},
  year={2015},
  publisher={Elsevier}
}

@article{xaubet2017idiopathic,
  title={Idiopathic pulmonary fibrosis},
  author={Xaubet, Antoni and Ancochea, Julio and Molina-Molina, Mar{\'\i}a},
  journal={Medicina Cl{\'\i}nica (English Edition)},
  volume={148},
  number={4},
  pages={170--175},
  year={2017},
  publisher={Elsevier}
}

@article{richeldi2017idiopathic,
  title={Idiopathic pulmonary fibrosis},
  author={Richeldi, Luca and Collard, Harold R and Jones, Mark G},
  journal={The Lancet},
  volume={389},
  number={10082},
  pages={1941--1952},
  year={2017},
  publisher={Elsevier}
}

@article{king2011idiopathic,
  title={Idiopathic pulmonary fibrosis},
  author={King Jr, Talmadge E and Pardo, Annie and Selman, Mois{\'e}s},
  journal={The Lancet},
  volume={378},
  number={9807},
  pages={1949--1961},
  year={2011},
  publisher={Elsevier}
}

@article{raghu2011official,
  title={An official ATS/ERS/JRS/ALAT statement: idiopathic pulmonary fibrosis: evidence-based guidelines for diagnosis and management},
  author={Raghu, Ganesh and Collard, Harold R and Egan, Jim J and Martinez, Fernando J and Behr, Juergen and Brown, Kevin K and Colby, Thomas V and Cordier, Jean-Fran{\c{c}}ois and Flaherty, Kevin R and Lasky, Joseph A and others},
  journal={American Journal of Respiratory and Critical Care Medicine},
  volume={183},
  number={6},
  pages={788--824},
  year={2011},
  publisher={Am Thoracic Soc}
}

@article{meltzer2008idiopathic,
  title={Idiopathic pulmonary fibrosis},
  author={Meltzer, Eric B and Noble, Paul W},
  journal={Orphanet Journal of Rare Diseases},
  volume={3},
  number={1},
  pages={8},
  year={2008},
  publisher={BioMed Central}
}

@article{lin2015combined,
  title={Combined pulmonary fibrosis and emphysema (CPFE): an entity different from emphysema or pulmonary fibrosis alone},
  author={Lin, Huijin and Jiang, Shanping},
  journal={Journal of Thoracic Disease},
  volume={7},
  number={4},
  pages={767},
  year={2015},
  publisher={AME Publications}
}

@article{ross2013pulmonary,
  title={Pulmonary lobe segmentation based on ridge surface sampling and shape model fitting},
  author={Ross, James C and Kindlmann, Gordon L and Okajima, Yuka and Hatabu, Hiroto and D{\'\i}az, Alejandro A and Silverman, Edwin K and Washko, George R and Dy, Jennifer and Est{\'e}par, Ra{\'u}l San Jos{\'e}},
  journal={Medical Physics},
  volume={40},
  number={12},
  year={2013},
  publisher={Wiley Online Library}
}

@article{wei2009segmentation,
  title={Segmentation of lung lobes in high-resolution isotropic CT images},
  author={Wei, Qiao and Hu, Yaoping and Gelfand, Gary and Macgregor, John H},
  journal={IEEE Transactions on Biomedical Engineering},
  volume={56},
  number={5},
  pages={1383--1393},
  year={2009},
  publisher={IEEE}
}

@inproceedings{guo2008pulmonary,
  title={Pulmonary Analysis Software Suite 9.0: Integrating quantitative measures of function with structural analyses},
  author={Guo, J and Fuld, MK and Alford, SK and Reinhardt, JM and Hoffman, EA},
  booktitle={First International Workshop on Pulmonary Image Analysis},
  pages={283--292},
  year={2008}
}

@article{lee1997scattered,
  title={Scattered data interpolation with multilevel B-splines},
  author={Lee, Seungyong and Wolberg, George and Shin, Sung Yong},
  journal={IEEE Transactions on Visualization and Computer Graphics},
  volume={3},
  number={3},
  pages={228--244},
  year={1997},
  publisher={IEEE}
}

@article{li2003selective,
  title={Selective enhancement filters for nodules, vessels, and airway walls in two-and three-dimensional CT scans},
  author={Li, Qiang and Sone, Shusuke and others},
  journal={Medical Physics},
  volume={30},
  number={8},
  pages={2040--2051},
  year={2003},
  publisher={Wiley Online Library}
}

@article{koenderink1984structure,
  title={The structure of images},
  author={Koenderink, Jan J},
  journal={Biological Cybernetics},
  volume={50},
  number={5},
  pages={363--370},
  year={1984},
  publisher={Springer}
}

@article{florack1992scale,
  title={Scale and the differential structure of images},
  author={Florack, Luc MJ and ter Haar Romeny, Bart M and Koenderink, Jan J and Viergever, Max A},
  journal={Image and Vision Computing},
  volume={10},
  number={6},
  pages={376--388},
  year={1992},
  publisher={Elsevier}
}

@inproceedings{lorenz1997multi,
  title={Multi-scale line segmentation with automatic estimation of width, contrast and tangential direction in 2D and 3D medical images},
  author={Lorenz, Cristian and Carlsen, I-C and Buzug, Thorsten M and Fassnacht, Carola and Weese, J{\"u}rgen},
  booktitle={CVRMed-MRCAS'97},
  pages={233--242},
  year={1997},
  organization={Springer}
}

@article{rohlf1999shape,
  title={Shape statistics: Procrustes superimpositions and tangent spaces},
  author={Rohlf, F James},
  journal={Journal of Classification},
  volume={16},
  number={2},
  pages={197--223},
  year={1999},
  publisher={Springer}
}

@book{dryden1998statistical,
  title={Statistical shape analysis},
  author={Dryden, Ian L and Mardia, Kanti V},
  volume={4},
  year={1998},
  publisher={Wiley Chichester}
}

@article{tawhai2003developing,
  title={Developing integrative computational models of pulmonary structure},
  author={Tawhai, Merryn H and Burrowes, Kelly S},
  journal={The Anatomical Record},
  volume={275},
  number={1},
  pages={207--218},
  year={2003},
  publisher={Wiley Online Library}
}

@phdthesis{fernandez2004anatomically,
  title={An anatomically based finite element model of patella articulation: towards a diagnostic tool},
  author={Fernandez, Justin Wade},
  year={2004},
  school={University of Auckland}
}

@article{bradley1997geometric,
  title={Geometric modeling of the human torso using cubic hermite elements},
  author={Bradley, CP and Pullan, AJ and Hunter, PJ},
  journal={Annals of Biomedical Engineering},
  volume={25},
  number={1},
  pages={96--111},
  year={1997},
  publisher={Springer}
}

@article{cootes1995active,
  title={Active shape models-their training and application},
  author={Cootes, Timothy F and Taylor, Christopher J and Cooper, David H and Graham, Jim},
  journal={Computer Vision and Image Understanding},
  volume={61},
  number={1},
  pages={38--59},
  year={1995},
  publisher={Elsevier}
}

@inproceedings{ross2010automatic,
  title={Automatic lung lobe segmentation using particles, thin plate splines, and maximum a posteriori estimation},
  author={Ross, James C and Est{\'e}par, Ra{\'u}l San Jos{\'e} and Kindlmann, Gordon and D{\'\i}az, Alejandro and Westin, Carl-Fredrik and Silverman, Edwin K and Washko, George R},
  booktitle={International Conference on Medical Image Computing and Computer-Assisted Intervention},
  pages={163--171},
  year={2010},
  organization={Springer}
}

@article{lassen2013automatic,
  title={Automatic segmentation of the pulmonary lobes from chest CT scans based on fissures, vessels, and bronchi},
  author={Lassen, Bianca and van Rikxoort, Eva M and Schmidt, Michael and Kerkstra, Sjoerd and van Ginneken, Bram and Kuhnigk, Jan-Martin},
  journal={IEEE Transactions on Medical Imaging},
  volume={32},
  number={2},
  pages={210--222},
  year={2013},
  publisher={IEEE}
}

@inproceedings{lassen2011interactive,
  title={Interactive lung lobe segmentation and correction in tomographic images},
  author={Lassen, Bianca and Kuhnigk, Jan-Martin and Van Rikxoort, Eva M and Peitgen, Heinz-Otto},
  booktitle={Medical Imaging 2011: Computer-Aided Diagnosis},
  volume={7963},
  pages={79631S},
  year={2011},
  organization={International Society for Optics and Photonics}
}

@article{van2008supervised,
  title={Supervised enhancement filters: Application to fissure detection in chest CT scans},
  author={van Rikxoort, Eva M and van Ginneken, Bram and Klik, Mark and Prokop, Mathias},
  journal={IEEE Transactions on Medical Imaging},
  volume={27},
  number={1},
  pages={1--10},
  year={2008},
  publisher={IEEE}
}

@article{ochs2007automated,
  title={Automated classification of lung bronchovascular anatomy in CT using AdaBoost},
  author={Ochs, Robert A and Goldin, Jonathan G and Abtin, Fereidoun and Kim, Hyun J and Brown, Kathleen and Batra, Poonam and Roback, Donald and McNitt-Gray, Michael F and Brown, Matthew S},
  journal={Medical Image Analysis},
  volume={11},
  number={3},
  pages={315--324},
  year={2007},
  publisher={Elsevier}
}

@inproceedings{kitasaka2006recognition,
  title={Recognition of lung lobes and its application to the bronchial structure analysis},
  author={Kitasaka, Takayuki and Nakada, Yuichi and Mori, Kensaku and Suenaga, Yasuhito and Mori, Masaki and Takabatake, Hirotsugu and Natori, Hiroshi},
  booktitle={Pattern Recognition, 2006. ICPR 2006. 18th International Conference on},
  volume={3},
  pages={288--291},
  year={2006},
  organization={IEEE}
}

@inproceedings{wiemker2005unsupervised,
  title={Unsupervised extraction of the pulmonary interlobar fissures from high resolution thoracic CT data},
  author={Wiemker, Rafael and B{\"u}low, Thomas and Blaffert, Thomas},
  booktitle={International Congress Series},
  volume={1281},
  pages={1121--1126},
  year={2005},
  organization={Elsevier}
}

@inproceedings{frangi1998multiscale,
  title={Multiscale vessel enhancement filtering},
  author={Frangi, Alejandro F and Niessen, Wiro J and Vincken, Koen L and Viergever, Max A},
  booktitle={International Conference on Medical Image Computing and Computer-Assisted Intervention},
  pages={130--137},
  year={1998},
  organization={Springer}
}

@article{wang2006pulmonary,
  title={Pulmonary fissure segmentation on CT},
  author={Wang, Jingbin and Betke, Margrit and Ko, Jane P},
  journal={Medical Image Analysis},
  volume={10},
  number={4},
  pages={530--547},
  year={2006},
  publisher={Elsevier}
}

@inproceedings{wang2004shape,
  title={Shape-based curve growing model and adaptive regularization for pulmonary fissure segmentation in CT},
  author={Wang, Jingbin and Betke, Margrit and Ko, Jane P},
  booktitle={International Conference on Medical Image Computing and Computer-Assisted Intervention},
  pages={541--548},
  year={2004},
  organization={Springer}
}

@inproceedings{doel2012pulmonary,
  title={Pulmonary lobe segmentation from CT images using fissureness, airways, vessels and multilevel B-splines},
  author={Doel, Tom and Matin, Tahreema N and Gleeson, Fergus V and Gavaghan, David J and Grau, Vicente},
  booktitle={Biomedical Imaging (ISBI), 2012 9th IEEE International Symposium on},
  pages={1491--1494},
  year={2012},
  organization={IEEE}
}

@article{zhang2006atlas,
  title={Atlas-driven lung lobe segmentation in volumetric X-ray CT images},
  author={Zhang, Li and Hoffman, Eric A and Reinhardt, Joseph M},
  journal={IEEE Transactions on Medical Imaging},
  volume={25},
  number={1},
  pages={1--16},
  year={2006},
  publisher={IEEE}
}

@article{saita2006algorithm,
  title={An algorithm for the extraction of pulmonary fissures from low-dose multislice CT image},
  author={Saita, Shinsuke and Kubo, Mitsuru and Kawata, Yoshiki and Niki, Noboru and Ohmatsu, Hironobu and Moriyama, Noriyuki},
  journal={Systems and Computers in Japan},
  volume={37},
  number={9},
  pages={63--76},
  year={2006},
  publisher={Wiley Online Library}
}

@inproceedings{zhou2004automatic,
  title={Automatic recognition of lung lobes and fissures from multislice CT images},
  author={Zhou, Xiangrong and Hayashi, Tatsuro and Hara, Takeshi and Fujita, Hiroshi and Yokoyama, Ryujiro and Kiryu, Takuji and Hoshi, Hiroaki},
  booktitle={Proceedings of SPIE},
  volume={5370},
  pages={1629--1633},
  year={2004}
}

@article{ukil2009anatomy,
  title={Anatomy-guided lung lobe segmentation in X-ray CT images},
  author={Ukil, Soumik and Reinhardt, Joseph M},
  journal={IEEE Transactions on Medical Imaging},
  volume={28},
  number={2},
  pages={202--214},
  year={2009},
  publisher={IEEE}
}

@article{kuhnigk2005informatics,
  title={Informatics in Radiology (infoRAD): New Tools for Computer Assistance in Thoracic CT. Part 1. Functional Analysis of Lungs},
  author={Kuhnigk, JM and Dicken, V and Zidowitz, S and Bornemann, L and Kuemmerlen, B and Krass, S and Peitgen, H and Yuval, S and Jend, H and Rau, WS and others},
  journal={Lung Lobes, and Bronchopulmonary Segments. RadioGraphics 2005; 25: 525},
  volume={536},
  year={2005}
}

@inproceedings{kuhnigk2003lung,
  title={Lung lobe segmentation by anatomy-guided 3 D watershed transform},
  author={Kuhnigk, Jan-Martin and Hahn, Horst and Hindennach, Milo and Dicken, Volker and Krass, Stefan and Peitgen, Heinz-Otto},
  booktitle={Proceedings of SPIE},
  volume={5032},
  pages={1482--1490},
  year={2003}
}

@article{sun2012automated,
  title={Automated 3-D segmentation of lungs with lung cancer in CT data using a novel robust active shape model approach},
  author={Sun, Shanhui and Bauer, Christian and Beichel, Reinhard},
  journal={IEEE Transactions on Medical Imaging},
  volume={31},
  number={2},
  pages={449--460},
  year={2012},
  publisher={IEEE}
}

@article{van2009automatic,
  title={Automatic lung segmentation from thoracic computed tomography scans using a hybrid approach with error detection},
  author={van Rikxoort, Eva M and de Hoop, Bartjan and Viergever, Max A and Prokop, Mathias and van Ginneken, Bram},
  journal={Medical Physics},
  volume={36},
  number={7},
  pages={2934--2947},
  year={2009},
  publisher={Wiley Online Library}
}

@article{wang2009automated,
  title={Automated segmentation of lungs with severe interstitial lung disease in CT},
  author={Wang, Jiahui and Li, Feng and Li, Qiang},
  journal={Medical Physics},
  volume={36},
  number={10},
  pages={4592--4599},
  year={2009},
  publisher={Wiley Online Library}
}

@article{korfiatis2008texture,
  title={Texture classification-based segmentation of lung affected by interstitial pneumonia in high-resolution CT},
  author={Korfiatis, Panayiotis and Kalogeropoulou, Christina and Karahaliou, Anna and Kazantzi, Alexandra and Skiadopoulos, Spyros and Costaridou, Lena},
  journal={Medical Physics},
  volume={35},
  number={12},
  pages={5290--5302},
  year={2008},
  publisher={Wiley Online Library}
}

@article{prasad2008automatic,
  title={Automatic segmentation of lung parenchyma in the presence of diseases based on curvature of ribs},
  author={Prasad, Mithun N and Brown, Matthew S and Ahmad, Shama and Abtin, Fereidoun and Allen, Jared and da Costa, Irene and Kim, Hyun J and McNitt-Gray, Michael F and Goldin, Jonathan G},
  journal={Academic Radiology},
  volume={15},
  number={9},
  pages={1173--1180},
  year={2008},
  publisher={Elsevier}
}

@article{pu2011shape,
  title={Shape “break-and-repair” strategy and its application to automated medical image segmentation},
  author={Pu, Jiantao and Paik, David S and Meng, Xin and Roos, Justus and Rubin, Geoffrey D},
  journal={IEEE Transactions on Visualization and Computer Graphics},
  volume={17},
  number={1},
  pages={115--124},
  year={2011},
  publisher={IEEE}
}

@article{pu2008adaptive,
  title={Adaptive border marching algorithm: automatic lung segmentation on chest CT images},
  author={Pu, Jiantao and Roos, Justus and Chin, A Yi and Napel, Sandy and Rubin, Geoffrey D and Paik, David S},
  journal={Computerized Medical Imaging and Graphics},
  volume={32},
  number={6},
  pages={452--462},
  year={2008},
  publisher={Elsevier}
}

@article{sluimer2005toward,
  title={Toward automated segmentation of the pathological lung in CT},
  author={Sluimer, Ingrid and Prokop, Mathias and Van Ginneken, Bram},
  journal={IEEE Transactions on Medical Imaging},
  volume={24},
  number={8},
  pages={1025--1038},
  year={2005},
  publisher={IEEE}
}

@article{kitasaka2003lung,
  title={Lung area extraction from 3D chest X-ray CT images using a shape model generated by a variable B{\'e}zier surface},
  author={Kitasaka, Takayuki and Mori, Kensaku and Hasegawa, Jun-ichi and Toriwaki, Jun-ichiro},
  journal={Systems and Computers in Japan},
  volume={34},
  number={4},
  pages={60--71},
  year={2003},
  publisher={Wiley Online Library}
}

@article{hu2001automatic,
  title={Automatic lung segmentation for accurate quantitation of volumetric X-ray CT images},
  author={Hu, Shiying and Hoffman, Eric A and Reinhardt, Joseph M},
  journal={IEEE Transactions on Medical Imaging},
  volume={20},
  number={6},
  pages={490--498},
  year={2001},
  publisher={IEEE}
}

@article{hoffman1985effecta,
  title={Effect of body orientation on regional lung expansion: a computed tomographic approach},
  author={Hoffman, ERIC A},
  journal={Journal of Applied Physiology},
  volume={59},
  number={2},
  pages={468--480},
  year={1985},
  publisher={Am Physiological Soc}
}

@article{hoffman1985effectb,
  title={Effect of body orientation on regional lung expansion in dog and sloth},
  author={Hoffman, ERIC A and Ritman, Erik L},
  journal={Journal of Applied Physiology},
  volume={59},
  number={2},
  pages={481--491},
  year={1985},
  publisher={Am Physiological Soc}
}

@article{hoffman1983noninvasive,
  title={Noninvasive quantitative imaging of shape and volume of lungs},
  author={Hoffman, ERIC A and Sinak, LJ and Robb, Richard Arlin and Ritman, Erik L},
  journal={Journal of Applied Physiology},
  volume={54},
  number={5},
  pages={1414--1421},
  year={1983},
  publisher={Am Physiological Soc}
}

@article{hedlund1982two,
  title={Two methods for isolating the lung area of a CT scan for density information.},
  author={Hedlund, LW and Anderson, Roger Fabian and Goulding, PL and Beck, JW and Effmann, EL and Putman, CE},
  journal={Radiology},
  volume={144},
  number={2},
  pages={353--357},
  year={1982}
}

@article{keller1981automatic,
  title={Automatic outlining of regions on CT scans.},
  author={Keller, James M and Edwards, F Marc and Rundle, Robert},
  journal={Journal of Computer Assisted Tomography},
  volume={5},
  number={2},
  pages={240--245},
  year={1981},
  publisher={LWW}
}

@article{sun20063d,
  title={3D computerized segmentation of lung volume with computed tomography},
  author={Sun, Xuejun and Zhang, Haibo and Duan, Huichuan},
  journal={Academic Radiology},
  volume={13},
  number={6},
  pages={670--677},
  year={2006},
  publisher={Elsevier}
}

@article{ukil2005smoothing,
  title={Smoothing Lung Segmentation Surfaces in Three-dimensional X-ray CT Images Using Anatomic Guidance1},
  author={Ukil, Soumik and Reinhardt, Joseph M},
  journal={Academic Radiology},
  volume={12},
  number={12},
  pages={1502--1511},
  year={2005},
  publisher={Elsevier}
}

@article{armato2004automated,
  title={Automated lung segmentation for thoracic CT: Impact on computer-aided diagnosis1},
  author={Armato, Samuel G and Sensakovic, William F},
  journal={Academic Radiology},
  volume={11},
  number={9},
  pages={1011--1021},
  year={2004},
  publisher={Elsevier}
}

@article{leader2003automated,
  title={Automated lung segmentation in X-ray computed tomography: development and evaluation of a heuristic threshold-based scheme1},
  author={Leader, Joseph K and Zheng, Bin and Rogers, Robert M and Sciurba, Frank C and Perez, Andrew and Chapman, Brian E and Patel, Sanjay and Fuhrman, Carl R and Gur, David},
  journal={Academic Radiology},
  volume={10},
  number={11},
  pages={1224--1236},
  year={2003},
  publisher={Elsevier}
}

@article{kemerink1998segmentation,
  title={On segmentation of lung parenchyma in quantitative computed tomography of the lung},
  author={Kemerink, Gerrit J and Lamers, Rob JS and Pellis, Bas J and Kruize, Han H and Van Engelshoven, JMA},
  journal={Medical Physics},
  volume={25},
  number={12},
  pages={2432--2439},
  year={1998},
  publisher={Wiley Online Library}
}

@article{kalender1991semiautomatic,
  title={Semiautomatic evaluation procedures for quantitative CT of the lung.},
  author={Kalender, Willi A and Fichte, Heinz and Bautz, Werner and Skalej, Martin},
  journal={Journal of Computer Assisted Tomography},
  volume={15},
  number={2},
  pages={248--255},
  year={1991},
  publisher={LWW}
}

@article{pu2009computational,
  title={A computational geometry approach to automated pulmonary fissure segmentation in CT examinations},
  author={Pu, Jiantao and Leader, Joseph K and Zheng, Bin and Knollmann, Friedrich and Fuhrman, Carl and Sciurba, Frank C and Gur, David},
  journal={IEEE Transactions on Medical Imaging},
  volume={28},
  number={5},
  pages={710--719},
  year={2009},
  publisher={IEEE}
}

@article{van2013automated,
  title={Automated segmentation of pulmonary structures in thoracic computed tomography scans: a review},
  author={Van Rikxoort, Eva M and Van Ginneken, Bram},
  journal={Physics in Medicine and Biology},
  volume={58},
  number={17},
  pages={R187},
  year={2013},
  publisher={IOP Publishing}
}

@article{gulsun2006variability,
  title={Variability of the pulmonary oblique fissures presented by high-resolution computed tomography},
  author={G{\"u}ls{\"u}n, Meltem and Ar{\i}y{\"u}rek, O Macit and C{\"o}mert, R Bar{\i}{\c{s}} and Karabulut, Nevzat},
  journal={Surgical and Radiologic Anatomy},
  volume={28},
  number={3},
  pages={293--299},
  year={2006},
  publisher={Springer}
}

@article{yamamoto2011investigation,
  title={Investigation of four-dimensional computed tomography-based pulmonary ventilation imaging in patients with emphysematous lung regions},
  author={Yamamoto, Tokihiro and Kabus, Sven and Klinder, Tobias and Lorenz, Cristian and Von Berg, Jens and Blaffert, Thomas and Loo Jr, Billy W and Keall, Paul J},
  journal={Physics in Medicine and Biology},
  volume={56},
  number={7},
  pages={2279},
  year={2011},
  publisher={IOP Publishing}
}

@article{diaz2010airway,
  title={Airway count and emphysema assessed by chest CT imaging predicts clinical outcome in smokers},
  author={Diaz, Alejandro A and Valim, Clarissa and Yamashiro, Tsuneo and Est{\~A}{\v{S}}par, Ra{\~A}{\=e}l San Jos{\~A}{\v{S}} and Ross, James C and Matsuoka, Shin and Bartholmai, Brian and Hatabu, Hiroto and Silverman, Edwin K and Washko, George R},
  journal={CHEST Journal},
  volume={138},
  number={4},
  pages={880--887},
  year={2010},
  publisher={American College of Chest Physicians}
}

@misc{coxson2007computed,
  title={Computed tomography and monitoring of emphysema},
  author={Coxson, HO},
  year={2007},
  publisher={Eur Respiratory Soc}
}

@article{hoffman2006state,
  title={State of the Art. A structural and functional assessment of the lung via multidetector-row computed tomography: phenotyping chronic obstructive pulmonary disease},
  author={Hoffman, Eric A and Simon, Brett A and McLennan, Geoffrey},
  journal={Proceedings of the American Thoracic Society},
  volume={3},
  number={6},
  pages={519--532},
  year={2006},
  publisher={Am Thoracic Soc}
}

@article{shikata2009segmentation,
  title={Segmentation of pulmonary vascular trees from thoracic 3D CT images},
  author={Shikata, Hidenori and McLennan, Geoffrey and Hoffman, Eric A and Sonka, Milan},
  journal={Journal of Biomedical Imaging},
  volume={2009},
  pages={24},
  year={2009},
  publisher={Hindawi Publishing Corp.}
}

@inproceedings{zhu2010automatic,
  title={Automatic 3d segmentation of human airway tree in ct image},
  author={Zhu, Chenkun and Qi, Shouliang and van Triest, Han and Wang, Shengjun and Kang, Yan and Yue, Yong},
  booktitle={Biomedical Engineering and Informatics (BMEI), 2010 3rd International Conference on},
  volume={1},
  pages={132--136},
  year={2010},
  organization={IEEE}
}

@article{graham2010robust,
  title={Robust 3-D airway tree segmentation for image-guided peripheral bronchoscopy},
  author={Graham, Michael W and Gibbs, Jason D and Cornish, Duane C and Higgins, William E},
  journal={IEEE Transactions on Medical Imaging},
  volume={29},
  number={4},
  pages={982--997},
  year={2010},
  publisher={IEEE}
}

@article{ley2008quantitative,
  title={Quantitative analysis of emphysema in 3D using MDCT: influence of different reconstruction algorithms},
  author={Ley-Zaporozhan, Julia and Ley, Sebastian and Weinheimer, Oliver and Iliyushenko, Svitlana and Erdugan, Serap and Eberhardt, Ralf and Fuxa, Adelheid and Mews, J{\"u}rgen and Kauczor, Hans-Ulrich},
  journal={European Journal of Radiology},
  volume={65},
  number={2},
  pages={228--234},
  year={2008},
  publisher={Elsevier}
}

@article{el2013computer,
  title={Computer-aided diagnosis systems for lung cancer: challenges and methodologies},
  author={El-Baz, Ayman and Beache, Garth M and Gimel'farb, Georgy and Suzuki, Kenji and Okada, Kazunori and Elnakib, Ahmed and Soliman, Ahmed and Abdollahi, Behnoush},
  journal={International Journal of Biomedical Imaging},
  volume={2013},
  year={2013},
  publisher={Hindawi Publishing Corporation}
}

@book{naidich2005imaging,
  title={Imaging of the airways: functional and radiologic correlations},
  author={Naidich, David P},
  year={2005},
  publisher={Lippincott Williams \& Wilkins}
}

@article{hoffman1997assessment,
  title={Assessment of the pulmonary structure-function relationship and clinical outcomes measures: quantitative volumetric CT of the lung},
  author={Hoffman, Eric A and McLennan, Geoffrey},
  journal={Academic Radiology},
  volume={4},
  number={11},
  pages={758--776},
  year={1997},
  publisher={Elsevier}
}

@incollection{zhang2011medical,
  title = {Medical imaging},
  author = {Zhang, X. and Smith, N. and Webb, A.},
  booktitle = {Biomedical Information Technology},
  publisher = {Elsevier Science},
  address = {Oxford},
  year = {2011},
  editor = {Feng, D. D.},
  isbn = {9780080550725}
}

@article{rees2007silica,
  title={Silica, silicosis and tuberculosis [State of the Art Series. Occupational lung disease in high-and low-income countries, Edited by M. Chan-Yeung. Number 4 in the series]},
  author={Rees, David and Murray, Jill},
  journal={The International Journal of Tuberculosis and Lung Disease},
  volume={11},
  number={5},
  pages={474--484},
  year={2007},
  publisher={International Union Against Tuberculosis and Lung Disease}
}

@article{leung1999pulmonary,
  title={Pulmonary tuberculosis: the essentials},
  author={Leung, Ann N},
  journal={Radiology},
  volume={210},
  number={2},
  pages={307--322},
  year={1999},
  publisher={Radiological Society of North America}
}

@article{jeffery1998structural,
  title={Structural and inflammatory changes in COPD: a comparison with asthma},
  author={Jeffery, Peter K},
  journal={Thorax},
  volume={53},
  number={2},
  pages={129},
  year={1998},
  publisher={BMJ Group}
}

@article{doel2015review,
  title={Review of automatic pulmonary lobe segmentation methods from CT},
  author={Doel, Tom and Gavaghan, David J and Grau, Vicente},
  journal={Computerized Medical Imaging and Graphics},
  volume={40},
  pages={13--29},
  year={2015},
  publisher={Elsevier}
}

@inproceedings{lassen2010automatic,
  title={Automatic segmentation of lung lobes in CT images based on fissures, vessels, and bronchi},
  author={Lassen, Bianca and Kuhnigk, Jan-Martin and Friman, Ola and Krass, Stefan and Peitgen, Heinz-Otto},
  booktitle={Biomedical Imaging: From Nano to Macro, 2010 IEEE International Symposium on},
  pages={560--563},
  year={2010},
  organization={IEEE}
}

@article{selman2014revealing,
  title={Revealing the pathogenic and aging-related mechanisms of the enigmatic idiopathic pulmonary fibrosis. An integral model},
  author={Selman, Mois{\'e}s and Pardo, Annie},
  journal={American Journal of Respiratory and Critical Care Medicine},
  volume={189},
  number={10},
  pages={1161--1172},
  year={2014},
  publisher={Am Thoracic Soc}
}

@article{carloni2013heterogeneous,
  title={Heterogeneous distribution of mechanical stress in human lung: a mathematical approach to evaluate abnormal remodeling in IPF},
  author={Carloni, A and Poletti, V and Fermo, L and Bellomo, N and Chilosi, M},
  journal={Journal of Theoretical Biology},
  volume={332},
  pages={136--140},
  year={2013},
  publisher={Elsevier}
}